"S.no","Transaction ID","Transaction date","Cheque No","Description","Withdrawal(Dr)","Deposit(Cr)","Available Balance","Page Number","Minus"
"1","S3532904","01/05/2025","","MMT/IMPS/512109626036/mn2rFpiMyMQgJS0B/SAVITA OIL","","150.00","39880.47","1","1"
"2","S3534224","01/05/2025","","UPI/msgulf@sc/WS-174607159266/StandardCharte/5121","","50.00","39930.47","1","1"
"3","S3617636","01/05/2025","","NEFT-UTIBN62025050166557705-GOOGLEINDIADIGITAL S","","950.00","40880.47","1","1"
"4","S3625436","01/05/2025","","NEFT-UTIBN62025050166650859-GOOGLEINDIADIGITAL S","","4200.00","45080.47","1","1"
"5","S3712613","01/05/2025","","NEFT-UTIBN62025050167063128-GOOGLEINDIADIGITAL S","","1950.00","47030.47","2","1"
"6","S3834848","01/05/2025","","NEFT-UTIBN62025050167715720-GOOGLEINDIADIGITAL S","","950.00","47980.47","2","1"
"7","S3859030","01/05/2025","","NEFT-UTIBN62025050167864128-GOOGLEINDIADIGITAL S","","21.00","48001.47","2","1"
"8","S3928048","01/05/2025","","NEFT-UTIBN62025050168222774-GOOGLEINDIADIGITAL S","","125.00","48126.47","2","1"
"9","S3984133","01/05/2025","","NEFT-UTIBN62025050168614609-GOOGLEINDIADIGITAL S","","3000.00","51126.47","2","1"
"10","S4103003","01/05/2025","","NEFT-UTIBN62025050169356666-GOOGLEINDIADIGITAL S","","100.00","51226.47","2","1"
"11","S4506473","02/05/2025","","NEFT-UTIBN62025050275656141-GOOGLEINDIADIGITAL S","","10.00","51236.47","2","1"
"12","S4572377","02/05/2025","","NEFT-UTIBN62025050275927767-GOOGLEINDIADIGITAL S","","1205.00","52441.47","3","1"
"13","S4612372","02/05/2025","","NEFT-UTIBN62025050276069703-GOOGLEINDIADIGITAL S","","39.00","52480.47","3","1"
"14","S4614302","02/05/2025","","NEFT-UTIBN62025050276097647-GOOGLEINDIADIGITAL S","","1120.00","53600.47","3","1"
"15","S4648929","02/05/2025","","NEFT-UTIBN62025050276170239-GOOGLEINDIADIGITAL S","","430.00","54030.47","3","1"
"16","S4742564","02/05/2025","","NEFT-UTIBN62025050276518353-GOOGLEINDIADIGITAL S","","200.00","54230.47","3","1"
"17","S4933484","02/05/2025","","NEFT-UTIBN62025050277459912-GOOGLEINDIADIGITAL S","","1050.00","55280.47","3","1"
"18","S4957206","02/05/2025","","NEFT-UTIBN62025050277552243-GOOGLEINDIADIGITAL S","","285.00","55565.47","3","1"
"19","S4995486","02/05/2025","","NEFT-UTIBN62025050277836986-GOOGLEINDIADIGITAL S","","1000.00","56565.47","4","1"
"20","S5052550","02/05/2025","","MMT/IMPS/512216427282/advancepaymentt/TYRESALES/HD","14024.00","","42541.47","4","1"
"21","S5052554","02/05/2025","","MMT/IMPS/512216427282/advancepaymentt/TYRESALES/HD","","14024.00","56565.47","4","1"
"22","S5054330","02/05/2025","","INF/INFT/040126953981/advancepaymentt/TYRESALES1","14024.00","","42541.47","4","1"
"23","S5121368","02/05/2025","","MMT/IMPS/512217573489/paymenttowardsi/HARIENTERP/B","24000.00","","18541.47","4","1"
"24","S5170102","02/05/2025","","NEFT-UTIBN62025050278757764-GOOGLEINDIADIGITAL S","","2400.00","20941.47","4","1"
"25","S5206167","02/05/2025","","NEFT-UTIBN62025050278996090-GOOGLEINDIADIGITAL S","","2000.00","22941.47","4","1"
"26","S5206919","02/05/2025","","NEFT-UTIBN62025050279003531-GOOGLEINDIADIGITAL S","","1270.00","24211.47","5","1"
"27","S5675514","03/05/2025","","NEFT-UTIBN62025050386137955-GOOGLEINDIADIGITAL S","","360.00","24571.47","5","1"
"28","S5695382","03/05/2025","","NEFT-UTIBN62025050386194322-GOOGLEINDIADIGITAL S","","235.00","24806.47","5","1"
"29","S5802863","03/05/2025","","NEFT-UTIBN62025050386642433-GOOGLEINDIADIGITAL S","","640.00","25446.47","5","1"
"30","S6086895","03/05/2025","","NEFT-UTIBN62025050388071422-GOOGLEINDIADIGITAL S","","280.00","25726.47","5","1"
"31","S6271758","03/05/2025","","NEFT-UTIBN62025050389175149-GOOGLEINDIADIGITAL S","","2900.00","28626.47","5","1"
"32","S6726908","04/05/2025","","NEFT-UTIBN62025050496544413-GOOGLEINDIADIGITAL S","","325.00","28951.47","5","1"
"33","S6727015","04/05/2025","","NEFT-UTIBN62025050496553149-GOOGLEINDIADIGITAL S","","1850.00","30801.47","6","1"
"34","S6743319","04/05/2025","","NEFT-UTIBN62025050496675059-GOOGLEINDIADIGITAL S","","35.00","30836.47","6","1"
"35","S6837434","04/05/2025","","NEFT-UTIBN62025050497257718-GOOGLEINDIADIGITAL S","","350.00","31186.47","6","1"
"36","S6864436","04/05/2025","","NEFT-UTIBN62025050497422726-GOOGLEINDIADIGITAL S","","200.00","31386.47","6","1"
"37","S6876822","04/05/2025","","NEFT-UTIBN62025050497504619-GOOGLEINDIADIGITAL S","","75.00","31461.47","6","1"
"38","S6902541","04/05/2025","","NEFT-UTIBN62025050497723279-GOOGLEINDIADIGITAL S","","335.00","31796.47","6","1"
"39","S7493183","05/05/2025","","BusinessLoanXX05537EMI Tiru","11019.00","","20777.47","6","1"
"40","S7631922","05/05/2025","","NEFT-UTIBN62025050505169835-GOOGLEINDIADIGITAL S","","250.00","21027.47","7","1"
"41","S7695644","05/05/2025","","NEFT-UTIBN62025050505479188-GOOGLEINDIADIGITAL S","","350.00","21377.47","7","1"
"42","S7884088","05/05/2025","","NEFT-UTIBN62025050506461450-GOOGLEINDIADIGITAL S","","1050.00","22427.47","7","1"
"43","S7955895","05/05/2025","","NEFT-UTIBN62025050506826670-GOOGLEINDIADIGITAL S","","2895.00","25322.47","7","1"
"44","S7974479","05/05/2025","","MMT/IMPS/512515507361/ReqPay/tirupatiau/State Bank","","36000.00","61322.47","7","1"
"45","S7976762","05/05/2025","","INF/INFT/040156616151/paymenttowardsi/TYRECENTRE2","31500.00","","29822.47","7","1"
"46","S8179700","05/05/2025","","NEFT-UTIBN62025050507984778-GOOGLEINDIADIGITAL S","","700.00","30522.47","7","1"
"47","S8252665","05/05/2025","","NEFT-UTIBN62025050508535614-GOOGLEINDIADIGITAL S","","200.00","30722.47","8","1"
"48","S8827277","06/05/2025","","NEFT-UTIBN62025050615778090-GOOGLEINDIADIGITAL S","","190.00","30912.47","8","1"
"49","S8831407","06/05/2025","","NEFT-UTIBN62025050615820582-GOOGLEINDIADIGITAL S","","790.00","31702.47","8","1"
"50","S8996290","06/05/2025","","NEFT-UTIBN62025050616661539-GOOGLEINDIADIGITAL S","","410.00","32112.47","8","1"
"51","S9392349","06/05/2025","","NEFT-UTIBN62025050618889013-GOOGLEINDIADIGITAL S","","10.00","32122.47","8","1"
"52","S9811398","07/05/2025","","NEFT-UTIBN62025050725492834-GOOGLEINDIADIGITAL S","","40.00","32162.47","8","1"
"53","S9812880","07/05/2025","","NEFT-UTIBN62025050725542544-GOOGLEINDIADIGITAL S","","50.00","32212.47","8","1"
"54","S9830090","07/05/2025","","NEFT-UTIBN62025050725653471-GOOGLEINDIADIGITAL S","","2300.00","34512.47","9","1"
"55","S246413","07/05/2025","","NEFT-UTIBN62025050727702148-GOOGLEINDIADIGITAL S","","1600.00","36112.47","9","1"
"56","S252973","07/05/2025","","NEFT-UTIBN62025050727788815-GOOGLEINDIADIGITAL S","","1000.00","37112.47","9","1"
"57","S255704","07/05/2025","","NEFT-UTIBN62025050727803807-GOOGLEINDIADIGITAL S","","100.00","37212.47","9","1"
"58","S365197","07/05/2025","","NEFT-UTIBN62025050728288390-GOOGLEINDIADIGITAL S","","2200.00","39412.47","9","1"
"59","S369219","07/05/2025","","NEFT-UTIBN62025050728306154-GOOGLEINDIADIGITAL S","","28.00","39440.47","9","1"
"60","S400200","07/05/2025","","NEFT-UTIBN62025050728535430-GOOGLEINDIADIGITAL S","","75.00","39515.47","9","1"
"61","S532149","07/05/2025","","MMT/IMPS/512719623076/paymenttowardsi/BHARATTYRE/S","15554.00","","23961.47","10","1"
"62","S534108","07/05/2025","","MMT/IMPS/512719627551/paymenttowardsi/TYREHUB/HDFC","13930.00","","10031.47","10","1"
"63","S947248","08/05/2025","","NEFT-UTIBN62025050836210842-GOOGLEINDIADIGITAL S","","275.00","10306.47","10","1"
"64","S964474","08/05/2025","","NEFT-UTIBN62025050836347862-GOOGLEINDIADIGITAL S","","480.00","10786.47","10","1"
"65","S1269739","08/05/2025","","MMT/IMPS/512815778230/ReqPay/tirupatiau/State Bank","","40000.00","50786.47","10","1"
"66","S1270858","08/05/2025","","NEFT-UTIBN62025050838120247-GOOGLEINDIADIGITAL S","","450.00","51236.47","10","1"
"67","S1273564","08/05/2025","","INF/INFT/040203568401/paymenttowardsi/TYRESALES1","19000.00","","32236.47","10","1"
"68","S1277717","08/05/2025","","NEFT-UTIBN62025050838231737-GOOGLEINDIADIGITAL S","","1000.00","33236.47","11","1"
"69","S1310070","08/05/2025","","NEFT-UTIBN62025050838357581-GOOGLEINDIADIGITAL S","","300.00","33536.47","11","1"
"70","S1434793","08/05/2025","","NEFT-UTIBN62025050838897813-GOOGLEINDIADIGITAL S","","125.00","33661.47","11","1"
"71","S1444761","08/05/2025","","NEFT-UTIBN62025050839017642-GOOGLEINDIADIGITAL S","","500.00","34161.47","11","1"
"72","S1503326","08/05/2025","","NEFT-UTIBN62025050839300642-GOOGLEINDIADIGITAL S","","2000.00","36161.47","11","1"
"73","S1508989","08/05/2025","","NEFT-UTIBN62025050839375979-GOOGLEINDIADIGITAL S","","525.00","36686.47","11","1"
"74","S1513874","08/05/2025","","NEFT-UTIBN62025050839457539-GOOGLEINDIADIGITAL S","","1500.00","38186.47","11","1"
"75","S1952031","09/05/2025","","NEFT-UTIBN62025050946560919-GOOGLEINDIADIGITAL S","","280.00","38466.47","12","1"
"76","S1974016","09/05/2025","","UPI/512924254235/Sent usingPayt/8210601144@ptax/A","","393.00","38859.47","12","1"
"77","S1973300","09/05/2025","","UPI/512930957576/Sent usingPayt/8210601144@ptsb/A","","7.00","38866.47","12","1"
"78","S1992226","09/05/2025","","NEFT-UTIBN62025050946852019-GOOGLEINDIADIGITAL S","","2690.00","41556.47","12","1"
"79","S2182442","09/05/2025","","MMT/IMPS/512913794881/ReqPay/tirupatiau/State Bank","","4000.00","45556.47","12","1"
"80","S2426113","09/05/2025","","NEFT-UTIBN62025050949286226-GOOGLEINDIADIGITAL S","","2000.00","47556.47","12","1"
"81","S2460050","09/05/2025","","NEFT-UTIBN62025050949531495-GOOGLEINDIADIGITAL S","","950.00","48506.47","12","1"
"82","S2444568","09/05/2025","","UPI/512925079137/PGWI012403877L/deut2001030000@/D","","100.00","48606.47","13","1"
"83","S2505603","09/05/2025","","NEFT-UTIBN62025050949909550-GOOGLEINDIADIGITAL S","","1500.00","50106.47","13","1"
"84","S2535217","09/05/2025","","NEFT-UTIBN62025050950117773-GOOGLEINDIADIGITAL S","","1000.00","51106.47","13","1"
"85","S2556349","09/05/2025","","NEFT-UTIBN62025050950262936-GOOGLEINDIADIGITAL S","","475.00","51581.47","13","1"
"86","S2938097","10/05/2025","","NEFT-UTIBN62025051056897149-GOOGLEINDIADIGITAL S","","5500.00","57081.47","13","1"
"87","S2938171","10/05/2025","","NEFT-UTIBN62025051056910912-GOOGLEINDIADIGITAL S","","50.00","57131.47","13","1"
"88","S3027451","10/05/2025","","NEFT-UTIBN62025051057292777-GOOGLEINDIADIGITAL S","","75.00","57206.47","13","1"
"89","S3028118","10/05/2025","","NEFT-UTIBN62025051057310463-GOOGLEINDIADIGITAL S","","25.00","57231.47","14","1"
"90","S3071312","10/05/2025","","NEFT-UTIBN62025051057501808-GOOGLEINDIADIGITAL S","","30.00","57261.47","14","1"
"91","S3116461","10/05/2025","","NEFT-UTIBN62025051057714961-GOOGLEINDIADIGITAL S","","870.00","58131.47","14","1"
"92","S3137224","10/05/2025","","NEFT-UTIBN62025051057887175-GOOGLEINDIADIGITAL S","","1500.00","59631.47","14","1"
"93","S3218696","10/05/2025","","NEFT-UTIBN62025051058281322-GOOGLEINDIADIGITAL S","","10.00","59641.47","14","1"
"94","S3277903","10/05/2025","","NEFT-UTIBN62025051058551177-GOOGLEINDIADIGITAL S","","1000.00","60641.47","14","1"
"95","S3640464","11/05/2025","","NEFT-UTIBN62025051165922505-GOOGLEINDIADIGITAL S","","250.00","60891.47","14","1"
"96","S3676478","11/05/2025","","NEFT-UTIBN62025051166116682-GOOGLEINDIADIGITAL S","","175.00","61066.47","15","1"
"97","S3825796","11/05/2025","","NEFT-UTIBN62025051167195396-GOOGLEINDIADIGITAL S","","1550.00","62616.47","15","1"
"98","S3870294","11/05/2025","","NEFT-UTIBN62025051167490845-GOOGLEINDIADIGITAL S","","1500.00","64116.47","15","1"
"99","S3883345","11/05/2025","","NEFT-UTIBN62025051167615268-GOOGLEINDIADIGITAL S","","250.00","64366.47","15","1"
"100","S3883649","11/05/2025","","NEFT-UTIBN62025051167644626-GOOGLEINDIADIGITAL S","","30.00","64396.47","15","1"
"101","S3910475","11/05/2025","","NEFT-UTIBN62025051167948051-GOOGLEINDIADIGITAL S","","450.00","64846.47","15","1"
"102","S3910591","11/05/2025","","NEFT-UTIBN62025051167954327-GOOGLEINDIADIGITAL S","","30.00","64876.47","15","1"
"103","S4471120","12/05/2025","","NEFT-UTIBN62025051275035216-GOOGLEINDIADIGITAL S","","1630.00","66506.47","16","1"
"104","S4496320","12/05/2025","","NEFT-UTIBN62025051275167565-GOOGLEINDIADIGITAL S","","280.00","66786.47","16","1"
"105","S4706208","12/05/2025","","MMT/IMPS/513215104736/paymenttowardsi/TYRECENTRE/K","24095.00","","42691.47","16","1"
"106","S4922005","12/05/2025","","NEFT-UTIBN62025051277437788-GOOGLEINDIADIGITAL S","","20.00","42711.47","16","1"
"107","S5372121","13/05/2025","","NEFT-UTIBN62025051384563453-GOOGLEINDIADIGITAL S","","100.00","42811.47","16","1"
"108","S5393825","13/05/2025","","NEFT-UTIBN62025051384631018-GOOGLEINDIADIGITAL S","","2000.00","44811.47","16","1"
"109","S5394214","13/05/2025","","NEFT-UTIBN62025051384635459-GOOGLEINDIADIGITAL S","","2000.00","46811.47","16","1"
"110","S5399867","13/05/2025","","NEFT-UTIBN62025051384737319-GOOGLEINDIADIGITAL S","","400.00","47211.47","17","1"
"111","S5427407","13/05/2025","","NEFT-UTIBN62025051384814970-GOOGLEINDIADIGITAL S","","515.00","47726.47","17","1"
"112","S5507763","13/05/2025","","NEFT-UTIBN62025051385210877-GOOGLEINDIADIGITAL S","","1800.00","49526.47","17","1"
"113","S5608714","13/05/2025","","MMT/IMPS/513315835691/ReqPay/tirupatiau/State Bank","","50000.00","99526.47","17","1"
"114","S5610513","13/05/2025","","MMT/IMPS/513315271873/paymenttowardsi/GOELCHEMIC/I","56880.00","","42646.47","17","1"
"115","S5622026","13/05/2025","","INF/INFT/040258544651/paymenttowardsi/TYRECENTRE2","28000.00","","14646.47","17","1"
"116","S5663294","13/05/2025","","NEFT-UTIBN62025051386275238-GOOGLEINDIADIGITAL S","","280.00","14926.47","17","1"
"117","S5691307","13/05/2025","","NEFT-UTIBN62025051386384139-GOOGLEINDIADIGITAL S","","150.00","15076.47","18","1"
"118","S5814342","13/05/2025","","NEFT-UTIBN62025051386832488-GOOGLEINDIADIGITAL S","","30.00","15106.47","18","1"
"119","S5821836","13/05/2025","","NEFT-UTIBN62025051386800164-GOOGLEINDIADIGITAL S","","1100.00","16206.47","18","1"
"120","S6254341","14/05/2025","","NEFT-UTIBN62025051494393019-GOOGLEINDIADIGITAL S","","80.00","16286.47","18","1"
"121","S6281897","14/05/2025","","NEFT-UTIBN62025051494519202-GOOGLEINDIADIGITAL S","","320.00","16606.47","18","1"
"122","S6281889","14/05/2025","","NEFT-UTIBN62025051494520114-GOOGLEINDIADIGITAL S","","10.00","16616.47","18","1"
"123","S6346548","14/05/2025","","NEFT-UTIBN62025051494908793-GOOGLEINDIADIGITAL S","","360.00","16976.47","18","1"
"124","S6351307","14/05/2025","","MMT/IMPS/513411987783/rDS0p5A71GEmXi9q/SAVITA OIL","","110.00","17086.47","19","1"
"125","S6349367","14/05/2025","","UPI/msgulf@sc/WS-174720113131/StandardCharte/5134","","200.00","17286.47","19","1"
"126","S6374603","14/05/2025","","NEFT-UTIBN62025051495095613-GOOGLEINDIADIGITAL S","","1405.00","18691.47","19","1"
"127","S6400248","14/05/2025","","NEFT-UTIBN62025051495158931-GOOGLEINDIADIGITAL S","","1025.00","19716.47","19","1"
"128","S6556958","14/05/2025","","NEFT-UTIBN62025051496061809-GOOGLEINDIADIGITAL S","","716.00","20432.47","19","1"
"129","S6581230","14/05/2025","","MMT/IMPS/513415858130/ReqPay/tirupatiau/State Bank","","30000.00","50432.47","19","1"
"130","S6585950","14/05/2025","","MMT/IMPS/513415558463/advancepaymentt/TYRECENTRE/K","21000.00","","29432.47","19","1"
"131","S6610441","14/05/2025","","NEFT-UTIBN62025051496412552-GOOGLEINDIADIGITAL S","","150.00","29582.47","20","1"
"132","S6597655","14/05/2025","","UPI/513425074106/PGWI012430623L/deut2001030000@/D","","20.00","29602.47","20","1"
"133","S6644845","14/05/2025","","MMT/IMPS/513416702273/paymenttowardsi/TYREHUB/HDFC","14960.00","","14642.47","20","1"
"134","S6697136","14/05/2025","","MMT/IMPS/513416918905/ReqPay/tirupatiau/State Bank","","30000.00","44642.47","20","1"
"135","S6699826","14/05/2025","","MMT/IMPS/513416810602/paymenttowardsi/HARIENTERP/B","18993.00","","25649.47","20","1"
"136","S6704266","14/05/2025","","NEFT-UTIBN62025051496806505-GOOGLEINDIADIGITAL S","","3400.00","29049.47","20","1"
"137","S6801741","14/05/2025","","NEFT-UTIBN62025051497506689-GOOGLEINDIADIGITAL S","","60.00","29109.47","20","1"
"138","S6827276","14/05/2025","","NEFT-UTIBN62025051497743425-GOOGLEINDIADIGITAL S","","250.00","29359.47","21","1"
"139","S6832660","14/05/2025","","NEFT-UTIBN62025051497839114-GOOGLEINDIADIGITAL S","","1430.00","30789.47","21","1"
"140","S6833103","14/05/2025","","NEFT-UTIBN62025051497845401-GOOGLEINDIADIGITAL S","","5.00","30794.47","21","1"
"141","S7340043","15/05/2025","","NEFT-UTIBN62025051504985524-GOOGLEINDIADIGITAL S","","250.00","31044.47","21","1"
"142","S7397915","15/05/2025","","NEFT-UTIBN62025051505272952-GOOGLEINDIADIGITAL S","","100.00","31144.47","21","1"
"143","S7557576","15/05/2025","","NEFT-UTIBN62025051505976309-GOOGLEINDIADIGITAL S","","80.00","31224.47","21","1"
"144","S7609596","15/05/2025","","NEFT-UTIBN62025051506256528-GOOGLEINDIADIGITAL S","","450.00","31674.47","21","1"
"145","S7610614","15/05/2025","","NEFT-UTIBN62025051506279448-GOOGLEINDIADIGITAL S","","1200.00","32874.47","22","1"
"146","S7734254","15/05/2025","","NEFT-UTIBN62025051506816774-GOOGLEINDIADIGITAL S","","280.00","33154.47","22","1"
"147","S7860367","15/05/2025","","NEFT-UTIBN62025051507506490-GOOGLEINDIADIGITAL S","","485.00","33639.47","22","1"
"148","S7892664","15/05/2025","","NEFT-UTIBN62025051507808154-GOOGLEINDIADIGITAL S","","100.00","33739.47","22","1"
"149","S8291811","16/05/2025","","NEFT-UTIBN62025051614868268-GOOGLEINDIADIGITAL S","","430.00","34169.47","22","1"
"150","S8307689","16/05/2025","","NEFT-UTIBN62025051614934320-GOOGLEINDIADIGITAL S","","180.00","34349.47","22","1"
"151","S8307970","16/05/2025","","NEFT-UTIBN62025051614945086-GOOGLEINDIADIGITAL S","","75.00","34424.47","22","1"
"152","S8310283","16/05/2025","","NEFT-UTIBN62025051615013081-GOOGLEINDIADIGITAL S","","1100.00","35524.47","23","1"
"153","S8379712","16/05/2025","","MMT/IMPS/513611497317/Big CityBankd/CashfreeP/K","","1.00","35525.47","23","1"
"154","S8596043","16/05/2025","","MMT/IMPS/513615938590/ReqPay/tirupatiau/State Bank","","16000.00","51525.47","23","1"
"155","S8598277","16/05/2025","","MMT/IMPS/513615990891/paymenttowardsi/SHREEMAHIN/H","39600.00","","11925.47","23","1"
"156","S8630058","16/05/2025","","NEFT-UTIBN62025051616762867-GOOGLEINDIADIGITAL S","","2000.00","13925.47","23","1"
"157","S8631945","16/05/2025","","NEFT-UTIBN62025051616786313-GOOGLEINDIADIGITAL S","","300.00","14225.47","23","1"
"158","S8641384","16/05/2025","","MMT/IMPS/513616086527/paymenttowardsi/MARCPATNA/UT","12654.00","","1571.47","23","1"
"159","S8644610","16/05/2025","","MMT/IMPS/513616967866/ReqPay/tirupatiau/State Bank","","20000.00","21571.47","24","1"
"160","S8663039","16/05/2025","","NEFT-UTIBN62025051616830597-GOOGLEINDIADIGITAL S","","1550.00","23121.47","24","1"
"161","S8714225","16/05/2025","","MMT/IMPS/513617504637/ReqPay/tirupatiau/State Bank","","3000.00","26121.47","24","1"
"162","S8722907","16/05/2025","","NEFT-UTIBN62025051617235656-GOOGLEINDIADIGITAL S","","140.00","26261.47","24","1"
"163","S9073105","17/05/2025","","NEFT-UTIBN62025051726238788-GOOGLEINDIADIGITAL S","","3300.00","29561.47","24","1"
"164","S9091576","17/05/2025","","NEFT-UTIBN62025051726322113-GOOGLEINDIADIGITAL S","","16.00","29577.47","24","1"
"165","S9104082","17/05/2025","","NEFT-UTIBN62025051726408341-GOOGLEINDIADIGITAL S","","50.00","29627.47","24","1"
"166","S9178808","17/05/2025","","NEFT-UTIBN62025051726881014-GOOGLEINDIADIGITAL S","","950.00","30577.47","25","1"
"167","S9251008","17/05/2025","","NEFT-UTIBN62025051727167921-GOOGLEINDIADIGITAL S","","125.00","30702.47","25","1"
"168","S9284029","17/05/2025","","Plugin Subs.Charge Apr-25","100.00","","30602.47","25","1"
"169","S9284029","17/05/2025","","SGST202505176134559650","9.00","","30593.47","25","1"
"170","S9284029","17/05/2025","","CGST202505176134559655","9.00","","30584.47","25","1"
"171","S9344028","17/05/2025","","NEFT-UTIBN62025051727669310-GOOGLEINDIADIGITAL S","","1130.00","31714.47","25","1"
"172","S9344886","17/05/2025","","NEFT-UTIBN62025051727691987-GOOGLEINDIADIGITAL S","","1000.00","32714.47","25","1"
"173","S9438491","17/05/2025","","NEFT-UTIBN62025051728258835-GOOGLEINDIADIGITAL S","","1400.00","34114.47","25","1"
"174","S9439159","17/05/2025","","NEFT-UTIBN62025051728270024-GOOGLEINDIADIGITAL S","","1090.00","35204.47","26","1"
"175","S10540","18/05/2025","","UPI/513825058997/LubriCash/deut2001030000@/Deutsch","","300.00","35504.47","26","1"
"176","S58349","18/05/2025","","NEFT-UTIBN62025051837865262-GOOGLEINDIADIGITAL S","","360.00","35864.47","26","1"
"177","S470846","19/05/2025","","NEFT-UTIBN62025051944953381-GOOGLEINDIADIGITAL S","","1300.00","37164.47","26","1"
"178","S473285","19/05/2025","","NEFT-UTIBN62025051944985120-GOOGLEINDIADIGITAL S","","170.00","37334.47","26","1"
"179","S501911","19/05/2025","","NEFT-UTIBN62025051945120749-GOOGLEINDIADIGITAL S","","190.00","37524.47","26","1"
"180","S558559","19/05/2025","","NEFT-UTIBN62025051945408540-GOOGLEINDIADIGITAL S","","50.00","37574.47","26","1"
"181","S605563","19/05/2025","","NEFT-UTIBN62025051945656042-GOOGLEINDIADIGITAL S","","300.00","37874.47","27","1"
"182","S622337","19/05/2025","","NEFT-UTIBN62025051945711336-GOOGLEINDIADIGITAL S","","1420.00","39294.47","27","1"
"183","S624620","19/05/2025","","MMT/IMPS/513914467394/paymenttowardsi/TYRESALES/HD","13944.00","","25350.47","27","1"
"184","S707190","19/05/2025","","NEFT-UTIBN62025051946267827-GOOGLEINDIADIGITAL S","","840.00","26190.47","27","1"
"185","S767440","19/05/2025","","NEFT-UTIBN62025051946496940-GOOGLEINDIADIGITAL S","","400.00","26590.47","27","1"
"186","S767729","19/05/2025","","NEFT-UTIBN62025051946498492-GOOGLEINDIADIGITAL S","","500.00","27090.47","27","1"
"187","S768150","19/05/2025","","NEFT-UTIBN62025051946502644-GOOGLEINDIADIGITAL S","","2900.00","29990.47","27","1"
"188","S769130","19/05/2025","","NEFT-UTIBN62025051946520010-GOOGLEINDIADIGITAL S","","100.00","30090.47","28","1"
"189","S904662","19/05/2025","","NEFT-UTIBN62025051947311614-GOOGLEINDIADIGITAL S","","35.00","30125.47","28","1"
"190","S1340041","20/05/2025","","NEFT-UTIBN62025052054389071-GOOGLEINDIADIGITAL S","","1700.00","31825.47","28","1"
"191","S1384834","20/05/2025","","NEFT-UTIBN62025052054601270-GOOGLEINDIADIGITAL S","","20.00","31845.47","28","1"
"192","S1412539","20/05/2025","","NEFT-UTIBN62025052054782688-GOOGLEINDIADIGITAL S","","1500.00","33345.47","28","1"
"193","S1464796","20/05/2025","","MMT/IMPS/514012788347/ReqPay/tirupatiau/State Bank","","30000.00","63345.47","28","1"
"194","S1466730","20/05/2025","","MMT/IMPS/514012343142/paymenttowardsi/HARIENTERP/B","30000.00","","33345.47","28","1"
"195","S1521988","20/05/2025","","BIL/ONL/001013429190/NorthBIHA","1000.00","","32345.47","29","1"
"196","S1536864","20/05/2025","","NEFT-UTIBN62025052055373000-GOOGLEINDIADIGITAL S","","5.00","32350.47","29","1"
"197","S1547723","20/05/2025","","NEFT-UTIBN62025052055507519-GOOGLEINDIADIGITAL S","","4100.00","36450.47","29","1"
"198","S1781031","20/05/2025","","NEFT-UTIBN62025052056554742-GOOGLEINDIADIGITAL S","","560.00","37010.47","29","1"
"199","S2185829","21/05/2025","","NEFT-UTIBN62025052163713180-GOOGLEINDIADIGITAL S","","1275.00","38285.47","29","1"
"200","S2186068","21/05/2025","","NEFT-UTIBN62025052163717509-GOOGLEINDIADIGITAL S","","65.00","38350.47","29","1"
"201","S2216726","21/05/2025","","NEFT-UTIBN62025052163966225-GOOGLEINDIADIGITAL S","","2745.00","41095.47","29","1"
"202","S2233839","21/05/2025","","NEFT-UTIBN62025052164021044-GOOGLEINDIADIGITAL S","","118.00","41213.47","30","1"
"203","S2239893","21/05/2025","","MMT/IMPS/514110038523/transfertoown/TIRUPATIAU/SBI","11000.00","","30213.47","30","1"
"204","S2275338","21/05/2025","","NEFT-UTIBN62025052164247538-GOOGLEINDIADIGITAL S","","1950.00","32163.47","30","1"
"205","S2571650","21/05/2025","","NEFT-UTIBN62025052165878986-GOOGLEINDIADIGITAL S","","2370.00","34533.47","30","1"
"206","S2606883","21/05/2025","","NEFT-UTIBN62025052165965757-GOOGLEINDIADIGITAL S","","560.00","35093.47","30","1"
"207","S2617303","21/05/2025","","MMT/IMPS/514116950925/ReqPay/tirupatiau/State Bank","","20000.00","55093.47","30","1"
"208","S2625002","21/05/2025","","MMT/IMPS/514117969086/paymenttowardsi/MSAUTOAGEN/F","31256.00","","23837.47","30","1"
"209","S2707079","21/05/2025","","UPI/514125105061/PGWI012470110L/deut2001030000@/D","","100.00","23937.47","31","1"
"210","S3076476","22/05/2025","","NEFT-UTIBN62025052273714665-GOOGLEINDIADIGITAL S","","1750.00","25687.47","31","1"
"211","S3106980","22/05/2025","","NEFT-UTIBN62025052273917210-GOOGLEINDIADIGITAL S","","2100.00","27787.47","31","1"
"212","S3151342","22/05/2025","","NEFT-UTIBN62025052274206946-GOOGLEINDIADIGITAL S","","2295.00","30082.47","31","1"
"213","S3188058","22/05/2025","","UPI/514275429204/none/maklubes@icici/ICICIBank LT","","115.00","30197.47","31","1"
"214","S3293049","22/05/2025","","NEFT-UTIBN62025052274914907-GOOGLEINDIADIGITAL S","","1200.00","31397.47","31","1"
"215","S3385040","22/05/2025","","NEFT-UTIBN62025052275495192-GOOGLEINDIADIGITAL S","","4065.00","35462.47","31","1"
"216","S3388266","22/05/2025","","NEFT-UTIBN62025052275541003-GOOGLEINDIADIGITAL S","","2105.00","37567.47","32","1"
"217","S3445890","22/05/2025","","NEFT-UTIBN62025052275785350-GOOGLEINDIADIGITAL S","","2000.00","39567.47","32","1"
"218","S3469258","22/05/2025","","NEFT-UTIBN62025052275926439-GOOGLEINDIADIGITAL S","","2785.00","42352.47","32","1"
"219","S3483621","22/05/2025","","MMT/IMPS/514217044223/advancepaymentt/TYRESALES/HD","12402.00","","29950.47","32","1"
"220","S3560080","22/05/2025","","NEFT-UTIBN62025052276592411-GOOGLEINDIADIGITAL S","","2000.00","31950.47","32","1"
"221","S3922063","23/05/2025","","NEFT-UTIBN62025052383592491-GOOGLEINDIADIGITAL S","","450.00","32400.47","32","1"
"222","S3976879","23/05/2025","","NEFT-UTIBN62025052383912816-GOOGLEINDIADIGITAL S","","4000.00","36400.47","32","1"
"223","S3977172","23/05/2025","","NEFT-UTIBN62025052383913459-GOOGLEINDIADIGITAL S","","900.00","37300.47","33","1"
"224","S3995963","23/05/2025","","NEFT-UTIBN62025052383943051-GOOGLEINDIADIGITAL S","","10000.00","47300.47","33","1"
"225","S4021431","23/05/2025","","NEFT-UTIBN62025052384058391-GOOGLEINDIADIGITAL S","","726.00","48026.47","33","1"
"226","S4183645","23/05/2025","","NEFT-UTIBN62025052385005272-GOOGLEINDIADIGITAL S","","725.00","48751.47","33","1"
"227","S4462277","23/05/2025","","NEFT-UTIBN62025052386735504-GOOGLEINDIADIGITAL S","","260.00","49011.47","33","1"
"228","S4807567","24/05/2025","","NEFT-UTIBN62025052495554792-GOOGLEINDIADIGITAL S","","700.00","49711.47","33","1"
"229","S4846044","24/05/2025","","NEFT-UTIBN62025052495810052-GOOGLEINDIADIGITAL S","","1650.00","51361.47","33","1"
"230","S4863634","24/05/2025","","NEFT-UTIBN62025052495918583-GOOGLEINDIADIGITAL S","","1700.00","53061.47","34","1"
"231","S4950164","24/05/2025","","MMT/IMPS/514415936546/advancepaymentt/TYREHUB/HDFC","31200.00","","21861.47","34","1"
"232","S4996163","24/05/2025","","NEFT-UTIBN62025052496666444-GOOGLEINDIADIGITAL S","","1090.00","22951.47","34","1"
"233","S5047426","24/05/2025","","NEFT-UTIBN62025052497026634-GOOGLEINDIADIGITAL S","","300.00","23251.47","34","1"
"234","S5079827","24/05/2025","","NEFT-UTIBN62025052497323285-GOOGLEINDIADIGITAL S","","225.00","23476.47","34","1"
"235","S5114438","24/05/2025","","NEFT-UTIBN62025052497482415-GOOGLEINDIADIGITAL S","","1100.00","24576.47","34","1"
"236","S5376265","25/05/2025","","NEFT-UTIBN62025052504345094-GOOGLEINDIADIGITAL S","","950.00","25526.47","34","1"
"237","S5425993","25/05/2025","","NEFT-UTIBN62025052504765631-GOOGLEINDIADIGITAL S","","1500.00","27026.47","35","1"
"238","S5437624","25/05/2025","","NEFT-UTIBN62025052504811990-GOOGLEINDIADIGITAL S","","180.00","27206.47","35","1"
"239","S5509539","25/05/2025","","NEFT-UTIBN62025052505321239-GOOGLEINDIADIGITAL S","","190.00","27396.47","35","1"
"240","S5520384","25/05/2025","","NEFT-UTIBN62025052505337103-GOOGLEINDIADIGITAL S","","1500.00","28896.47","35","1"
"241","S5520623","25/05/2025","","NEFT-UTIBN62025052505361790-GOOGLEINDIADIGITAL S","","500.00","29396.47","35","1"
"242","S5585946","25/05/2025","","NEFT-UTIBN62025052506014645-GOOGLEINDIADIGITAL S","","200.00","29596.47","35","1"
"243","S5929151","26/05/2025","","NEFT-UTIBN62025052612137900-GOOGLEINDIADIGITAL S","","370.00","29966.47","35","1"
"244","S5929199","26/05/2025","","NEFT-UTIBN62025052612138167-GOOGLEINDIADIGITAL S","","1000.00","30966.47","36","1"
"245","S5930794","26/05/2025","","NEFT-UTIBN62025052612205468-GOOGLEINDIADIGITAL S","","1175.00","32141.47","36","1"
"246","S5944512","26/05/2025","","NEFT-UTIBN62025052612276561-GOOGLEINDIADIGITAL S","","150.00","32291.47","36","1"
"247","S5985030","26/05/2025","","NEFT-UTIBN62025052612505623-GOOGLEINDIADIGITAL S","","1800.00","34091.47","36","1"
"248","S6334960","26/05/2025","","NEFT-UTIBN62025052614268157-GOOGLEINDIADIGITAL S","","150.00","34241.47","36","1"
"249","S6450366","26/05/2025","","MMT/IMPS/514617941978/ReqPay/tirupatiau/State Bank","","15000.00","49241.47","36","1"
"250","S6452305","26/05/2025","","MMT/IMPS/514617919235/paymenttowardsi/KISANGRIIM/H","21800.00","","27441.47","36","1"
"251","S6513791","26/05/2025","","NEFT-UTIBN62025052615203099-GOOGLEINDIADIGITAL S","","5650.00","33091.47","37","1"
"252","S6522148","26/05/2025","","NEFT-UTIBN62025052615294721-GOOGLEINDIADIGITAL S","","300.00","33391.47","37","1"
"253","S7024395","27/05/2025","","NEFT-UTIBN62025052722735155-GOOGLEINDIADIGITAL S","","6900.00","40291.47","37","1"
"254","S7053301","27/05/2025","","NEFT-UTIBN62025052722875355-GOOGLEINDIADIGITAL S","","9000.00","49291.47","37","1"
"255","S7053559","27/05/2025","","NEFT-UTIBN62025052722882261-GOOGLEINDIADIGITAL S","","20.00","49311.47","37","1"
"256","S7071011","27/05/2025","","MMT/IMPS/514713353438/paymenttowardsi/HARIENTERP/B","25000.00","","24311.47","37","1"
"257","S7101127","27/05/2025","","NEFT-UTIBN62025052723133850-GOOGLEINDIADIGITAL S","","325.00","24636.47","37","1"
"258","S7232005","27/05/2025","","MMT/IMPS/514716913142/ReqPay/tirupatiau/State Bank","","60000.00","84636.47","38","1"
"259","S7233859","27/05/2025","","MMT/IMPS/514716739647/paymenttowardsi/GOELENTERP/I","35666.00","","48970.47","38","1"
"260","S7235142","27/05/2025","","MMT/IMPS/514716743171/paymenttowardsi/SHREEMAHIN/H","20000.00","","28970.47","38","1"
"261","S7237997","27/05/2025","","NEFT-UTIBN62025052723850261-GOOGLEINDIADIGITAL S","","1100.00","30070.47","38","1"
"262","S7276832","27/05/2025","","UPI/514702007290/none/maklubes@icici/ICICIBank LT","","30.00","30100.47","38","1"
"263","S7784826","28/05/2025","","MMT/IMPS/514809715550/ReqPay/tirupatiau/State Bank","","11500.00","41600.47","38","1"
"264","S7786789","28/05/2025","","MMT/IMPS/514809839926/paymenttowardsi/JAGJITAUTO/U","14100.00","","27500.47","38","1"
"265","S7964877","28/05/2025","","NEFT-UTIBN62025052832725482-GOOGLEINDIADIGITAL S","","50.00","27550.47","38","1"
"266","S8045717","28/05/2025","","NEFT-UTIBN62025052833268720-GOOGLEINDIADIGITAL S","","105.00","27655.47","39","1"
"267","S8066489","28/05/2025","","NEFT-UTIBN62025052833333225-GOOGLEINDIADIGITAL S","","80.00","27735.47","39","1"
"268","S8070846","28/05/2025","","IMPS ChgApr-25+GST","106.20","","27629.27","39","1"
"269","S8342883","28/05/2025","","NEFT-UTIBN62025052835077908-GOOGLEINDIADIGITAL S","","330.00","27959.27","39","1"
"270","S8343840","28/05/2025","","NEFT-UTIBN62025052835102606-GOOGLEINDIADIGITAL S","","320.00","28279.27","39","1"
"271","S8668295","29/05/2025","","NEFT-UTIBN62025052941731571-GOOGLEINDIADIGITAL S","","2170.00","30449.27","39","1"
"272","S8902446","29/05/2025","","NEFT-UTIBN62025052943038094-GOOGLEINDIADIGITAL S","","6400.00","36849.27","39","1"
"273","S9036281","29/05/2025","","NEFT-UTIBN62025052943627778-GOOGLEINDIADIGITAL S","","530.00","37379.27","40","1"
"274","S9042407","29/05/2025","","NEFT-UTIBN62025052943645926-GOOGLEINDIADIGITAL S","","700.00","38079.27","40","1"
"275","S9104187","29/05/2025","","NEFT-UTIBN62025052944003769-GOOGLEINDIADIGITAL S","","825.00","38904.27","40","1"
"276","S9104557","29/05/2025","","NEFT-UTIBN62025052944011875-GOOGLEINDIADIGITAL S","","240.00","39144.27","40","1"
"277","S9132405","29/05/2025","","MMT/IMPS/514918994171/advancepaymentt/TYRESALES/HD","16768.00","","22376.27","40","1"
"278","S9174617","29/05/2025","","NEFT-UTIBN62025052944455639-GOOGLEINDIADIGITAL S","","2310.00","24686.27","40","1"
"279","S9197638","29/05/2025","","NEFT-UTIBN62025052944624504-GOOGLEINDIADIGITAL S","","1140.00","25826.27","40","1"
"280","S9661332","30/05/2025","","NEFT-UTIBN62025053051391713-GOOGLEINDIADIGITAL S","","1560.00","27386.27","41","1"
"281","S9661514","30/05/2025","","NEFT-UTIBN62025053051394212-GOOGLEINDIADIGITAL S","","4500.00","31886.27","41","1"
"282","S9701214","30/05/2025","","UPI/515025003987/PGWI012515970L/deut2001030000@/D","","20.00","31906.27","41","1"
"283","S9757401","30/05/2025","","UPI/515025022870/PGWI012516359L/deut2001030000@/D","","160.00","32066.27","41","1"
"284","S9801596","30/05/2025","","UPI/515025047171/PGWI012516738L/deut2001030000@/D","","160.00","32226.27","41","1"
"285","S9825458","30/05/2025","","UPI/515015615601/none/maklubes@icici/ICICIBank LT","","20.00","32246.27","41","1"
"286","S9859005","30/05/2025","","MMT/IMPS/515025271371/58194aa5ea8b43d/CashfreePa/R","","720.00","32966.27","41","1"
"287","S9843343","30/05/2025","","UPI/msgulf@sc/WS-174858847535/StandardCharte/5150","","420.00","33386.27","41","1"
"288","S96462","30/05/2025","","NEFT-UTIBN62025053053251795-GOOGLEINDIADIGITAL S","","5680.00","39066.27","42","1"
"289","S136169","30/05/2025","","NEFT-UTIBN62025053053405575-GOOGLEINDIADIGITAL S","","180.00","39246.27","42","1"
"290","S317281","30/05/2025","","NEFT-UTIBN62025053054123408-GOOGLEINDIADIGITAL S","","1100.00","40346.27","42","1"
"291","S325264","30/05/2025","","NEFT-UTIBN62025053054202692-GOOGLEINDIADIGITAL S","","218.00","40564.27","42","1"
"292","S332566","30/05/2025","","NEFT-UTIBN62025053054270149-GOOGLEINDIADIGITAL S","","1240.00","41804.27","42","1"
"293","S776083","31/05/2025","","NEFT-UTIBN62025053161530395-GOOGLEINDIADIGITAL S","","300.00","42104.27","42","1"
"294","S1169325","31/05/2025","","NEFT-UTIBN62025053163411667-GOOGLEINDIADIGITAL S","","2000.00","44104.27","42","1"
"295","S1209107","31/05/2025","","NEFT-UTIBN62025053163603893-GOOGLEINDIADIGITAL S","","1630.00","45734.27","43","1"
"296","S1241149","31/05/2025","","NEFT-UTIBN62025053163737031-GOOGLEINDIADIGITAL S","","1340.00","47074.27","43","1"
"297","S1773592","01/06/2025","","NEFT-UTIBN62025060171314111-GOOGLEINDIADIGITAL S","","350.00","47424.27","43","1"
"298","S1805055","01/06/2025","","NEFT-UTIBN62025060171459219-GOOGLEINDIADIGITAL S","","185.00","47609.27","43","1"
"299","S1835843","01/06/2025","","NEFT-UTIBN62025060171570602-GOOGLEINDIADIGITAL S","","1550.00","49159.27","43","1"
"300","S1839390","01/06/2025","","NEFT-UTIBN62025060171649145-GOOGLEINDIADIGITAL S","","280.00","49439.27","43","1"
"301","S1855593","01/06/2025","","NEFT-UTIBN62025060171707999-GOOGLEINDIADIGITAL S","","100.00","49539.27","43","1"
"302","S1855603","01/06/2025","","NEFT-UTIBN62025060171708297-GOOGLEINDIADIGITAL S","","150.00","49689.27","44","1"
"303","S1855903","01/06/2025","","NEFT-UTIBN62025060171721186-GOOGLEINDIADIGITAL S","","2830.00","52519.27","44","1"
"304","S1880966","01/06/2025","","MMT/IMPS/515211621510/IMPS/GOOGLEINDI/Axis Bank","","1.41","52520.68","44","1"
"305","S1934815","01/06/2025","","NEFT-UTIBN62025060172197086-GOOGLEINDIADIGITAL S","","1575.00","54095.68","44","1"
"306","S1955948","01/06/2025","","MMT/IMPS/515227120270/RedeemLoyaltyPo/CashfreePa/R","","150.00","54245.68","44","1"
"307","S1958109","01/06/2025","","MMT/IMPS/515225218088/RedeemLoyaltyPo/CashfreePa/R","","150.00","54395.68","44","1"
"308","S2017620","01/06/2025","","NEFT-UTIBN62025060172588016-GOOGLEINDIADIGITAL S","","350.00","54745.68","44","1"
"309","S2154998","01/06/2025","","NEFT-UTIBN62025060173612813-GOOGLEINDIADIGITAL S","","280.00","55025.68","45","1"
"310","S2660220","02/06/2025","","NEFT-UTIBN62025060280711699-GOOGLEINDIADIGITAL S","","1500.00","56525.68","45","1"
"311","S2788104","02/06/2025","","NEFT-UTIBN62025060281226423-GOOGLEINDIADIGITAL S","","440.00","56965.68","45","1"
"312","S2812580","02/06/2025","","NEFT-UTIBN62025060281293557-GOOGLEINDIADIGITAL S","","450.00","57415.68","45","1"
"313","S2818422","02/06/2025","","NEFT-UTIBN62025060281364314-GOOGLEINDIADIGITAL S","","430.00","57845.68","45","1"
"314","S2819139","02/06/2025","","NEFT-UTIBN62025060281376552-GOOGLEINDIADIGITAL S","","190.00","58035.68","45","1"
"315","S2880795","02/06/2025","","NEFT-UTIBN62025060281599774-GOOGLEINDIADIGITAL S","","60.00","58095.68","45","1"
"316","S2907568","02/06/2025","","MMT/IMPS/515312118504/advancepaymentt/CHAMPARANT/H","46420.00","","11675.68","46","1"
"317","S3004024","02/06/2025","","NEFT-UTIBN62025060282369812-GOOGLEINDIADIGITAL S","","20.00","11695.68","46","1"
"318","S3212388","02/06/2025","","MMT/IMPS/515317855040/advancepaymentt/TYREHUB/HDFC","10705.00","","990.68","46","1"
"319","S3217711","02/06/2025","","MMT/IMPS/515317863257/ReqPay/tirupatiau/State Bank","","30000.00","30990.68","46","1"
"320","S3742804","03/06/2025","","MMT/IMPS/515406662961/ReqPay/tirupatiau/State Bank","","20000.00","50990.68","46","1"
"321","S3775287","03/06/2025","","NEFT-UTIBN62025060390997164-GOOGLEINDIADIGITAL S","","5500.00","56490.68","46","1"
"322","S4236757","03/06/2025","","NEFT-UTIBN62025060393098813-GOOGLEINDIADIGITAL S","","1140.00","57630.68","46","1"
"323","S4259276","03/06/2025","","NEFT-UTIBN62025060393147481-GOOGLEINDIADIGITAL S","","225.00","57855.68","47","1"
"324","S4262510","03/06/2025","","NEFT-UTIBN62025060393211665-GOOGLEINDIADIGITAL S","","100.00","57955.68","47","1"
"325","S4371304","03/06/2025","","NEFT-UTIBN62025060393728156-GOOGLEINDIADIGITAL S","","180.00","58135.68","47","1"
"326","S4420687","03/06/2025","","MMT/IMPS/515417579678/paymenttowardsi/JAGJITAUTO/U","12468.00","","45667.68","47","1"
"327","S4422016","03/06/2025","","MMT/IMPS/515417584081/paymenttowardsi/SMENTERPRI/Y","20000.00","","25667.68","47","1"
"328","S4431841","03/06/2025","","NEFT-UTIBN62025060394020277-GOOGLEINDIADIGITAL S","","425.00","26092.68","47","1"
"329","S4433296","03/06/2025","","NEFT-UTIBN62025060394040054-GOOGLEINDIADIGITAL S","","100.00","26192.68","47","1"
"330","S4470943","03/06/2025","","NEFT-UTIBN62025060394306763-GOOGLEINDIADIGITAL S","","750.00","26942.68","48","1"
"331","S4525765","03/06/2025","","NEFT-UTIBN62025060394707032-GOOGLEINDIADIGITAL S","","480.00","27422.68","48","1"
"332","S4948568","04/06/2025","","NEFT-UTIBN62025060401605060-GOOGLEINDIADIGITAL S","","35.00","27457.68","48","1"
"333","S4997826","04/06/2025","","NEFT-UTIBN62025060401843659-GOOGLEINDIADIGITAL S","","1800.00","29257.68","48","1"
"334","S5036562","04/06/2025","","MMT/IMPS/515511567702/ReqPay/tirupatiau/State Bank","","16500.00","45757.68","48","1"
"335","S5074576","04/06/2025","","NEFT-UTIBN62025060402193804-GOOGLEINDIADIGITAL S","","3290.00","49047.68","48","1"
"336","S5180455","04/06/2025","","NEFT-UTIBN62025060402666892-GOOGLEINDIADIGITAL S","","5.00","49052.68","48","1"
"337","S5216751","04/06/2025","","NEFT-UTIBN62025060402929414-GOOGLEINDIADIGITAL S","","10.00","49062.68","49","1"
"338","S5355932","04/06/2025","","INF/INFT/040480833331/advancepaymentt/TYRESALES1","17377.00","","31685.68","49","1"
"339","S5357135","04/06/2025","","INF/INFT/040480866581/advancepaymentt/TYRESALES1","7951.00","","23734.68","49","1"
"340","S5939305","05/06/2025","","BIL/BusinessLoanXX05537EMI Tiru","11019.00","","12715.68","49","1"
"341","S6183343","05/06/2025","","MMT/IMPS/515609672052/ReqPay/tirupatiau/State Bank","","10000.00","22715.68","49","1"
"342","S6226486","05/06/2025","","NEFT-UTIBN62025060512042586-GOOGLEINDIADIGITAL S","","240.00","22955.68","49","1"
"343","S6421191","05/06/2025","","NEFT-UTIBN62025060512687816-GOOGLEINDIADIGITAL S","","35.00","22990.68","49","1"
"344","S6665647","05/06/2025","","NEFT-UTIBN62025060513619441-GOOGLEINDIADIGITAL S","","2225.00","25215.68","49","1"
"345","S6668065","05/06/2025","","NEFT-UTIBN62025060513652544-GOOGLEINDIADIGITAL S","","2000.00","27215.68","50","1"
"346","S6668310","05/06/2025","","NEFT-UTIBN62025060513657802-GOOGLEINDIADIGITAL S","","1000.00","28215.68","50","1"
"347","S6715114","05/06/2025","","NEFT-UTIBN62025060513885925-GOOGLEINDIADIGITAL S","","300.00","28515.68","50","1"
"348","S6765125","05/06/2025","","NEFT-UTIBN62025060514067295-GOOGLEINDIADIGITAL S","","210.00","28725.68","50","1"
"349","S6803178","05/06/2025","","NEFT-UTIBN62025060514214270-GOOGLEINDIADIGITAL S","","3000.00","31725.68","50","1"
"350","S6960456","05/06/2025","","MMT/IMPS/515617540510/ReqPay/tirupatiau/State Bank","","14000.00","45725.68","50","1"
"351","S6961323","05/06/2025","","MMT/IMPS/515617541179/ReqPay/tirupatiau/State Bank","","20000.00","65725.68","50","1"
"352","S6978668","05/06/2025","","NEFT-UTIBN62025060514989073-GOOGLEINDIADIGITAL S","","550.00","66275.68","51","1"
"353","S6999389","05/06/2025","","INF/INFT/040497858451/advancepaymentt/SOMNATHENTER","46820.00","","19455.68","51","1"
"354","S7000863","05/06/2025","","INF/INFT/040497913661/advancepaymentt/SOMNATHENTER","11224.00","","8231.68","51","1"
"355","S7033104","05/06/2025","","NEFT-UTIBN62025060515332535-GOOGLEINDIADIGITAL S","","280.00","8511.68","51","1"
"356","S7038933","05/06/2025","","NEFT-UTIBN62025060515414880-GOOGLEINDIADIGITAL S","","1140.00","9651.68","51","1"
"357","S7042200","05/06/2025","","NEFT-UTIBN62025060515449933-GOOGLEINDIADIGITAL S","","100.00","9751.68","51","1"
"358","S7487920","06/06/2025","","NEFT-UTIBN62025060622652316-GOOGLEINDIADIGITAL S","","130.00","9881.68","51","1"
"359","S7505785","06/06/2025","","NEFT-UTIBN62025060622747812-GOOGLEINDIADIGITAL S","","35.00","9916.68","52","1"
"360","S7531489","06/06/2025","","NEFT-UTIBN62025060622879861-GOOGLEINDIADIGITAL S","","150.00","10066.68","52","1"
"361","S7533721","06/06/2025","","NEFT-UTIBN62025060622930108-GOOGLEINDIADIGITAL S","","75.00","10141.68","52","1"
"362","S8553970","07/06/2025","","MMT/IMPS/515807902669/ReqPay/tirupatiau/State Bank","","23500.00","33641.68","52","1"
"363","S8925371","07/06/2025","","NEFT-UTIBN62025060735076678-GOOGLEINDIADIGITAL S","","2400.00","36041.68","52","1"
"364","S8925507","07/06/2025","","NEFT-UTIBN62025060735078210-GOOGLEINDIADIGITAL S","","50.00","36091.68","52","1"
"365","S8991563","07/06/2025","","NEFT-UTIBN62025060735386744-GOOGLEINDIADIGITAL S","","600.00","36691.68","52","1"
"366","S9108271","07/06/2025","","NEFT-UTIBN62025060736130250-GOOGLEINDIADIGITAL S","","225.00","36916.68","53","1"
"367","S9130155","07/06/2025","","NEFT-UTIBN62025060736349336-GOOGLEINDIADIGITAL S","","2925.00","39841.68","53","1"
"368","S9455046","08/06/2025","","NEFT-UTIBN62025060843197511-GOOGLEINDIADIGITAL S","","390.00","40231.68","53","1"
"369","S9491838","08/06/2025","","NEFT-UTIBN62025060843497226-GOOGLEINDIADIGITAL S","","120.00","40351.68","53","1"
"370","S9492528","08/06/2025","","NEFT-UTIBN62025060843533622-GOOGLEINDIADIGITAL S","","800.00","41151.68","53","1"
"371","S9517622","08/06/2025","","NEFT-UTIBN62025060843652626-GOOGLEINDIADIGITAL S","","1080.00","42231.68","53","1"
"372","S9560658","08/06/2025","","NEFT-UTIBN62025060843907276-GOOGLEINDIADIGITAL S","","280.00","42511.68","53","1"
"373","S9585398","08/06/2025","","NEFT-UTIBN62025060844135591-GOOGLEINDIADIGITAL S","","450.00","42961.68","54","1"
"374","S9627704","08/06/2025","","NEFT-UTIBN62025060844508282-GOOGLEINDIADIGITAL S","","3700.00","46661.68","54","1"
"375","S9779798","09/06/2025","","UPI/phonepe.payouts/F09M1sb4qoe0Re/AXISBANK/6883","","14.00","46675.68","54","1"
"376","S9929137","09/06/2025","","NEFT-UTIBN62025060950722771-GOOGLEINDIADIGITAL S","","225.00","46900.68","54","1"
"377","S15568","09/06/2025","","NEFT-UTIBN62025060951132663-GOOGLEINDIADIGITAL S","","55.00","46955.68","54","1"
"378","S40130","09/06/2025","","NEFT-UTIBN62025060951274262-GOOGLEINDIADIGITAL S","","500.00","47455.68","54","1"
"379","S98032","09/06/2025","","NEFT-UTIBN62025060951517627-GOOGLEINDIADIGITAL S","","10960.00","58415.68","54","1"
"380","S132737","09/06/2025","","NEFT-UTIBN62025060951663712-GOOGLEINDIADIGITAL S","","30.00","58445.68","55","1"
"381","S135654","09/06/2025","","MMT/IMPS/516012966592/paymenttowardsi/AKENTERPRI/S","40000.00","","18445.68","55","1"
"382","S346743","09/06/2025","","MMT/IMPS/516015294264/Transfertoown/ANIMESH JA/Ind","","3000.00","21445.68","55","1"
"383","S375774","09/06/2025","","NEFT-UTIBN62025060952925526-GOOGLEINDIADIGITAL S","","2000.00","23445.68","55","1"
"384","S401838","09/06/2025","","MMT/IMPS/516016669692/ReqPay/tirupatiau/State Bank","","5000.00","28445.68","55","1"
"385","S404841","09/06/2025","","NEFT-UTIBN62025060953032371-GOOGLEINDIADIGITAL S","","675.00","29120.68","55","1"
"386","S749853","09/06/2025","","MMT/IMPS/516021306916/Transfertoown/ANIMESH JA/Ind","","900.00","30020.68","55","1"
"387","S1444653","10/06/2025","","NEFT-UTIBN62025061061602582-GOOGLEINDIADIGITAL S","","50.00","30070.68","55","1"
"388","S1469506","10/06/2025","","NEFT-UTIBN62025061061673188-GOOGLEINDIADIGITAL S","","515.00","30585.68","56","1"
"389","S1476203","10/06/2025","","NEFT-UTIBN62025061061772834-GOOGLEINDIADIGITAL S","","320.00","30905.68","56","1"
"390","S1555194","10/06/2025","","NEFT-UTIBN62025061062206948-GOOGLEINDIADIGITAL S","","1.00","30906.68","56","1"
"391","S1662413","10/06/2025","","NEFT-UTIBN62025061062661900-GOOGLEINDIADIGITAL S","","200.00","31106.68","56","1"
"392","S1719775","10/06/2025","","NEFT-UTIBN62025061062895022-GOOGLEINDIADIGITAL S","","420.00","31526.68","56","1"
"393","S1727862","10/06/2025","","NEFT-UTIBN62025061062992298-GOOGLEINDIADIGITAL S","","220.00","31746.68","56","1"
"394","S1870231","10/06/2025","","NEFT-UTIBN62025061063622252-GOOGLEINDIADIGITAL S","","940.00","32686.68","56","1"
"395","S2005624","10/06/2025","","NEFT-UTIBN62025061064705730-GOOGLEINDIADIGITAL S","","1140.00","33826.68","57","1"
"396","S2409692","11/06/2025","","NEFT-UTIBN62025061171707072-GOOGLEINDIADIGITAL S","","1000.00","34826.68","57","1"
"397","S2426697","11/06/2025","","NEFT-UTIBN62025061171824703-GOOGLEINDIADIGITAL S","","20.00","34846.68","57","1"
"398","S2441538","11/06/2025","","NEFT-UTIBN62025061171827033-GOOGLEINDIADIGITAL S","","480.00","35326.68","57","1"
"399","S2468347","11/06/2025","","NEFT-UTIBN62025061172021213-GOOGLEINDIADIGITAL S","","115.00","35441.68","57","1"
"400","S2583683","11/06/2025","","NEFT-UTIBN62025061172546761-GOOGLEINDIADIGITAL S","","2800.00","38241.68","57","1"
"401","S2764989","11/06/2025","","NEFT-UTIBN62025061173733517-GOOGLEINDIADIGITAL S","","160.00","38401.68","57","1"
"402","S3481187","12/06/2025","","NEFT-UTIBN62025061282754100-GOOGLEINDIADIGITAL S","","225.00","38626.68","58","1"
"403","S3502025","12/06/2025","","NEFT-UTIBN62025061282793434-GOOGLEINDIADIGITAL S","","250.00","38876.68","58","1"
"404","S3503256","12/06/2025","","NEFT-UTIBN62025061282840229-GOOGLEINDIADIGITAL S","","350.00","39226.68","58","1"
"405","S3610309","12/06/2025","","MMT/IMPS/516313799328/ReqPay/tirupatiau/State Bank","","10000.00","49226.68","58","1"
"406","S3614479","12/06/2025","","MMT/IMPS/516313510572/paymenttowardsi/SHREEMAHIN/H","20152.00","","29074.68","58","1"
"407","S3746960","12/06/2025","","UPI/516325117700/PGWI012592364L/deut2001030000@/D","","20.00","29094.68","58","1"
"408","S3756718","12/06/2025","","Plugin Subs.ChargeMay-25","100.00","","28994.68","58","1"
"409","S3756718","12/06/2025","","SGST202506126186766298","9.00","","28985.68","58","1"
"410","S3756718","12/06/2025","","CGST202506126186766300","9.00","","28976.68","59","1"
"411","S3761702","12/06/2025","","MMT/IMPS/516315873914/paymenttowardsi/TYRECENTRE/K","17380.00","","11596.68","59","1"
"412","S3906607","12/06/2025","","MMT/IMPS/516317962655/ReqPay/tirupatiau/State Bank","","11000.00","22596.68","59","1"
"413","S3925290","12/06/2025","","NEFT-UTIBN62025061284878367-GOOGLEINDIADIGITAL S","","3000.00","25596.68","59","1"
"414","S3947145","12/06/2025","","NEFT-UTIBN62025061284940966-GOOGLEINDIADIGITAL S","","1000.00","26596.68","59","1"
"415","S3953163","12/06/2025","","NEFT-UTIBN62025061285065743-GOOGLEINDIADIGITAL S","","9950.00","36546.68","59","1"
"416","S4294942","13/06/2025","","NEFT-UTIBN62025061391913157-GOOGLEINDIADIGITAL S","","1300.00","37846.68","59","1"
"417","S4332903","13/06/2025","","NEFT-UTIBN62025061392142123-GOOGLEINDIADIGITAL S","","220.00","38066.68","60","1"
"418","S4345370","13/06/2025","","NEFT-UTIBN62025061392190196-GOOGLEINDIADIGITAL S","","135.00","38201.68","60","1"
"419","S4703124","13/06/2025","","NEFT-UTIBN62025061394104442-GOOGLEINDIADIGITAL S","","2000.00","40201.68","60","1"
"420","S5216361","14/06/2025","","NEFT-UTIBN62025061402363054-GOOGLEINDIADIGITAL S","","225.00","40426.68","60","1"
"421","S5421035","14/06/2025","","NEFT-UTIBN62025061403487835-GOOGLEINDIADIGITAL S","","2485.00","42911.68","60","1"
"422","S5440495","14/06/2025","","UPI/516525037820/PGWI012602977L/deut2001030000@/D","","160.00","43071.68","60","1"
"423","S5455597","14/06/2025","","NEFT-UTIBN62025061403605731-GOOGLEINDIADIGITAL S","","1300.00","44371.68","60","1"
"424","S5456245","14/06/2025","","NEFT-UTIBN62025061403623574-GOOGLEINDIADIGITAL S","","50.00","44421.68","61","1"
"425","S5456445","14/06/2025","","NEFT-UTIBN62025061403630336-GOOGLEINDIADIGITAL S","","67.00","44488.68","61","1"
"426","S5470358","14/06/2025","","MMT/IMPS/516516390531/paymenttowardsi/SMENTERPRI/Y","23000.00","","21488.68","61","1"
"427","S5548898","14/06/2025","","NEFT-UTIBN62025061404261546-GOOGLEINDIADIGITAL S","","175.00","21663.68","61","1"
"428","S5883953","15/06/2025","","NEFT-UTIBN62025061511268208-GOOGLEINDIADIGITAL S","","66.00","21729.68","61","1"
"429","S5924559","15/06/2025","","NEFT-UTIBN62025061511547607-GOOGLEINDIADIGITAL S","","70.00","21799.68","61","1"
"430","S5936549","15/06/2025","","NEFT-UTIBN62025061511623720-GOOGLEINDIADIGITAL S","","440.00","22239.68","61","1"
"431","S5963475","15/06/2025","","NEFT-UTIBN62025061511789576-GOOGLEINDIADIGITAL S","","2250.00","24489.68","62","1"
"432","S5957638","15/06/2025","","UPI/516625010040/PGWI012607170L/deut2001030000@/D","","100.00","24589.68","62","1"
"433","S6051488","15/06/2025","","NEFT-UTIBN62025061512405937-GOOGLEINDIADIGITAL S","","965.00","25554.68","62","1"
"434","S6052145","15/06/2025","","NEFT-UTIBN62025061512456543-GOOGLEINDIADIGITAL S","","1000.00","26554.68","62","1"
"435","S6052102","15/06/2025","","NEFT-UTIBN62025061512457494-GOOGLEINDIADIGITAL S","","400.00","26954.68","62","1"
"436","S6136008","15/06/2025","","NEFT-UTIBN62025061513182480-GOOGLEINDIADIGITAL S","","25.00","26979.68","62","1"
"437","S6148493","15/06/2025","","NEFT-UTIBN62025061513201813-GOOGLEINDIADIGITAL S","","145.00","27124.68","62","1"
"438","S6529431","16/06/2025","","MMT/IMPS/516708535039/ReqPay/tirupatiau/State Bank","","17000.00","44124.68","63","1"
"439","S6588020","16/06/2025","","NEFT-UTIBN62025061620350169-GOOGLEINDIADIGITAL S","","1980.00","46104.68","63","1"
"440","S6612424","16/06/2025","","NEFT-UTIBN62025061620439012-GOOGLEINDIADIGITAL S","","250.00","46354.68","63","1"
"441","S6667175","16/06/2025","","NEFT-UTIBN62025061620563975-GOOGLEINDIADIGITAL S","","160.00","46514.68","63","1"
"442","S6966999","16/06/2025","","NEFT-UTIBN62025061622181630-GOOGLEINDIADIGITAL S","","90.00","46604.68","63","1"
"443","S7121873","16/06/2025","","NEFT-UTIBN62025061622872716-GOOGLEINDIADIGITAL S","","500.00","47104.68","63","1"
"444","S7548114","17/06/2025","","NEFT-UTIBN62025061730832842-GOOGLEINDIADIGITAL S","","250.00","47354.68","63","1"
"445","S7601465","17/06/2025","","NEFT-UTIBN62025061731137082-GOOGLEINDIADIGITAL S","","251.00","47605.68","64","1"
"446","S7684340","17/06/2025","","NEFT-UTIBN62025061731395824-GOOGLEINDIADIGITAL S","","1590.00","49195.68","64","1"
"447","S7742055","17/06/2025","","NEFT-UTIBN62025061731691320-GOOGLEINDIADIGITAL S","","1580.00","50775.68","64","1"
"448","S7777718","17/06/2025","","NEFT-UTIBN62025061731989932-GOOGLEINDIADIGITAL S","","160.00","50935.68","64","1"
"449","S7798506","17/06/2025","","NEFT-UTIBN62025061732076087-GOOGLEINDIADIGITAL S","","1490.00","52425.68","64","1"
"450","S8064706","17/06/2025","","NEFT-UTIBN62025061733421926-GOOGLEINDIADIGITAL S","","2700.00","55125.68","64","1"
"451","S8112523","17/06/2025","","NEFT-UTIBN62025061733862303-GOOGLEINDIADIGITAL S","","75.00","55200.68","64","1"
"452","S8132682","17/06/2025","","NEFT-UTIBN62025061733943060-GOOGLEINDIADIGITAL S","","350.00","55550.68","65","1"
"453","S8149823","17/06/2025","","NEFT-UTIBN62025061734005739-GOOGLEINDIADIGITAL S","","340.00","55890.68","65","1"
"454","S8442629","18/06/2025","","NEFT-UTIBN62025061840827747-GOOGLEINDIADIGITAL S","","280.00","56170.68","65","1"
"455","S8444425","18/06/2025","","NEFT-UTIBN62025061840852136-GOOGLEINDIADIGITAL S","","310.00","56480.68","65","1"
"456","S8459473","18/06/2025","","NEFT-UTIBN62025061840916158-GOOGLEINDIADIGITAL S","","1750.00","58230.68","65","1"
"457","S8525256","18/06/2025","","NEFT-UTIBN62025061841342178-GOOGLEINDIADIGITAL S","","150.00","58380.68","65","1"
"458","S8659335","18/06/2025","","NEFT-UTIBN62025061842107648-GOOGLEINDIADIGITAL S","","1400.00","59780.68","65","1"
"459","S8703378","18/06/2025","","NEFT-UTIBN62025061842278042-GOOGLEINDIADIGITAL S","","300.00","60080.68","66","1"
"460","S8741001","18/06/2025","","NEFT-UTIBN62025061842535621-GOOGLEINDIADIGITAL S","","50.00","60130.68","66","1"
"461","S9371938","19/06/2025","","NEFT-UTIBN62025061951591001-GOOGLEINDIADIGITAL S","","20.00","60150.68","66","1"
"462","S9401267","19/06/2025","","UPI/msgulf@sc/WS-175031370211/StandardCharte/5170","","150.00","60300.68","66","1"
"463","S9405932","19/06/2025","","MMT/IMPS/517011344878/gXjYXwOoso9X6GJq/SAVITA OIL","","120.00","60420.68","66","1"
"464","S9411247","19/06/2025","","UPI/517025045099/PGWI012629990L/deut2001030000@/D","","40.00","60460.68","66","1"
"465","S9419095","19/06/2025","","NEFT-UTIBN62025061951766821-GOOGLEINDIADIGITAL S","","1500.00","61960.68","66","1"
"466","S9493582","19/06/2025","","NEFT-UTIBN62025061952139379-GOOGLEINDIADIGITAL S","","300.00","62260.68","67","1"
"467","S9544840","19/06/2025","","NEFT-UTIBN62025061952431710-GOOGLEINDIADIGITAL S","","200.00","62460.68","67","1"
"468","S9549879","19/06/2025","","MMT/IMPS/517014701154/paymenttowardsi/TYRECENTRE/K","22580.00","","39880.68","67","1"
"469","S9570787","19/06/2025","","NEFT-UTIBN62025061952603558-GOOGLEINDIADIGITAL S","","300.00","40180.68","67","1"
"470","S9712350","19/06/2025","","INF/INFT/040655144151/advancepaymentt/TYRESALES1","22644.00","","17536.68","67","1"
"471","S9850312","19/06/2025","","NEFT-UTIBN62025061954069655-GOOGLEINDIADIGITAL S","","1900.00","19436.68","67","1"
"472","S433737","20/06/2025","","NEFT-UTIBN62025062061927826-GOOGLEINDIADIGITAL S","","335.00","19771.68","67","1"
"473","S516092","20/06/2025","","NEFT-UTIBN62025062062445682-GOOGLEINDIADIGITAL S","","725.00","20496.68","68","1"
"474","S563616","20/06/2025","","MMT/IMPS/517116811898/ReqPay/tirupatiau/State Bank","","52500.00","72996.68","68","1"
"475","S574134","20/06/2025","","MMT/IMPS/517116107159/paymenttowardsi/MODERNTYRE/S","42500.00","","30496.68","68","1"
"476","S631518","20/06/2025","","NEFT-UTIBN62025062063001780-GOOGLEINDIADIGITAL S","","500.00","30996.68","68","1"
"477","S1125940","21/06/2025","","NEFT-UTIBN62025062171122811-GOOGLEINDIADIGITAL S","","600.00","31596.68","68","1"
"478","S1199298","21/06/2025","","UPI/517225094497/PGWI012641280L/deut2001030000@/D","","220.00","31816.68","68","1"
"479","S1378529","21/06/2025","","NEFT-UTIBN62025062172506858-GOOGLEINDIADIGITAL S","","2335.00","34151.68","68","1"
"480","S1450807","21/06/2025","","NEFT-UTIBN62025062172953149-GOOGLEINDIADIGITAL S","","420.00","34571.68","69","1"
"481","S1465681","21/06/2025","","UPI/517225137651/PGWI012643484L/deut2001030000@/D","","80.00","34651.68","69","1"
"482","S1534724","21/06/2025","","NEFT-UTIBN62025062173376515-GOOGLEINDIADIGITAL S","","225.00","34876.68","69","1"
"483","S1538932","21/06/2025","","NEFT-UTIBN62025062173494193-GOOGLEINDIADIGITAL S","","2975.00","37851.68","69","1"
"484","S1602211","21/06/2025","","MMT/IMPS/517220636351/paymenttowardsi/JAINENTERP/H","13531.00","","24320.68","69","1"
"485","S1893189","22/06/2025","","NEFT-UTIBN62025062281791799-GOOGLEINDIADIGITAL S","","585.00","24905.68","69","1"
"486","S1962054","22/06/2025","","NEFT-UTIBN62025062282346110-GOOGLEINDIADIGITAL S","","415.00","25320.68","69","1"
"487","S1962209","22/06/2025","","NEFT-UTIBN62025062282362018-GOOGLEINDIADIGITAL S","","160.00","25480.68","70","1"
"488","S2029588","22/06/2025","","NEFT-UTIBN62025062283010822-GOOGLEINDIADIGITAL S","","1300.00","26780.68","70","1"
"489","S2334320","23/06/2025","","NEFT-UTIBN62025062389843639-GOOGLEINDIADIGITAL S","","2000.00","28780.68","70","1"
"490","S2334443","23/06/2025","","NEFT-UTIBN62025062389844965-GOOGLEINDIADIGITAL S","","25.00","28805.68","70","1"
"491","S2427221","23/06/2025","","NEFT-UTIBN62025062390364923-GOOGLEINDIADIGITAL S","","5900.00","34705.68","70","1"
"492","S2456074","23/06/2025","","NEFT-UTIBN62025062390524549-GOOGLEINDIADIGITAL S","","80.00","34785.68","70","1"
"493","S2624237","23/06/2025","","MMT/IMPS/517414620698/ReqPay/tirupatiau/State Bank","","25000.00","59785.68","70","1"
"494","S2646502","23/06/2025","","MMT/IMPS/517414782939/paymenttowardsi/MODERNTYRE/S","36500.00","","23285.68","71","1"
"495","S2666342","23/06/2025","","NEFT-UTIBN62025062391233523-GOOGLEINDIADIGITAL S","","30.00","23315.68","71","1"
"496","S2742574","23/06/2025","","NEFT-UTIBN62025062391540607-GOOGLEINDIADIGITAL S","","500.00","23815.68","71","1"
"497","S2742798","23/06/2025","","NEFT-UTIBN62025062391546460-GOOGLEINDIADIGITAL S","","30.00","23845.68","71","1"
"498","S2775955","23/06/2025","","MMT/IMPS/517416687973/ReqPay/tirupatiau/State Bank","","40000.00","63845.68","71","1"
"499","S2781892","23/06/2025","","MMT/IMPS/517416066489/paymenttowardsi/VKENTERPRI/H","40000.00","","23845.68","71","1"
"500","S2825873","23/06/2025","","NEFT-UTIBN62025062391870367-GOOGLEINDIADIGITAL S","","1380.00","25225.68","71","1"
"501","S2855031","23/06/2025","","NEFT-UTIBN62025062392039702-GOOGLEINDIADIGITAL S","","1000.00","26225.68","72","1"
"502","S3267629","24/06/2025","","NEFT-UTIBN62025062499703909-GOOGLEINDIADIGITAL S","","880.00","27105.68","72","1"
"503","S3294129","24/06/2025","","NEFT-UTIBN62025062499815025-GOOGLEINDIADIGITAL S","","200.00","27305.68","72","1"
"504","S3321548","24/06/2025","","NEFT-UTIBN62025062499957013-GOOGLEINDIADIGITAL S","","500.00","27805.68","72","1"
"505","S3341339","24/06/2025","","NEFT-UTIBN62025062400041230-GOOGLEINDIADIGITAL S","","420.00","28225.68","72","1"
"506","S3406351","24/06/2025","","NEFT-UTIBN62025062400373101-GOOGLEINDIADIGITAL S","","1380.00","29605.68","72","1"
"507","S3464879","24/06/2025","","NEFT-UTIBN62025062400667174-GOOGLEINDIADIGITAL S","","1630.00","31235.68","72","1"
"508","S3508217","24/06/2025","","NEFT-UTIBN62025062400906217-GOOGLEINDIADIGITAL S","","450.00","31685.68","73","1"
"509","S3510477","24/06/2025","","NEFT-UTIBN62025062400936060-GOOGLEINDIADIGITAL S","","800.00","32485.68","73","1"
"510","S3536230","24/06/2025","","NEFT-UTIBN62025062401067905-GOOGLEINDIADIGITAL S","","990.00","33475.68","73","1"
"511","S3553856","24/06/2025","","NEFT-UTIBN62025062401146894-GOOGLEINDIADIGITAL S","","95.00","33570.68","73","1"
"512","S3609428","24/06/2025","","NEFT-UTIBN62025062401486026-GOOGLEINDIADIGITAL S","","6000.00","39570.68","73","1"
"513","S3718648","24/06/2025","","NEFT-UTIBN62025062401951406-GOOGLEINDIADIGITAL S","","30.00","39600.68","73","1"
"514","S3751678","24/06/2025","","NEFT-UTIBN62025062402166575-GOOGLEINDIADIGITAL S","","1130.00","40730.68","73","1"
"515","S3768665","24/06/2025","","NEFT-UTIBN62025062402232241-GOOGLEINDIADIGITAL S","","300.00","41030.68","74","1"
"516","S3769279","24/06/2025","","NEFT-UTIBN62025062402246832-GOOGLEINDIADIGITAL S","","425.00","41455.68","74","1"
"517","S3792891","24/06/2025","","NEFT-UTIBN62025062402448292-GOOGLEINDIADIGITAL S","","50.00","41505.68","74","1"
"518","S4180575","25/06/2025","","NEFT-UTIBN62025062509714894-GOOGLEINDIADIGITAL S","","35.00","41540.68","74","1"
"519","S4312097","25/06/2025","","NEFT-UTIBN62025062510301771-GOOGLEINDIADIGITAL S","","880.00","42420.68","74","1"
"520","S4335965","25/06/2025","","NEFT-UTIBN62025062510400867-GOOGLEINDIADIGITAL S","","130.00","42550.68","74","1"
"521","S4339487","25/06/2025","","NEFT-UTIBN62025062510448759-GOOGLEINDIADIGITAL S","","1400.00","43950.68","74","1"
"522","S4368573","25/06/2025","","NEFT-UTIBN62025062510590615-GOOGLEINDIADIGITAL S","","500.00","44450.68","75","1"
"523","S4392830","25/06/2025","","NEFT-UTIBN62025062510688772-GOOGLEINDIADIGITAL S","","1760.00","46210.68","75","1"
"524","S4504035","25/06/2025","","NEFT-UTIBN62025062511284529-GOOGLEINDIADIGITAL S","","2000.00","48210.68","75","1"
"525","S4617729","25/06/2025","","NEFT-UTIBN62025062511963396-GOOGLEINDIADIGITAL S","","60.00","48270.68","75","1"
"526","S5093066","26/06/2025","","NEFT-UTIBN62025062619857835-GOOGLEINDIADIGITAL S","","2200.00","50470.68","75","1"
"527","S5110421","26/06/2025","","NEFT-UTIBN62025062619983208-GOOGLEINDIADIGITAL S","","550.00","51020.68","75","1"
"528","S5177500","26/06/2025","","MMT/IMPS/517711019442/paymenttowardsi/HARIENTERP/B","22211.00","","28809.68","75","1"
"529","S5179324","26/06/2025","","MMT/IMPS/517711023505/paymenttowardsi/HARIENTERP/B","25464.00","","3345.68","76","1"
"530","S5210101","26/06/2025","","NEFT-UTIBN62025062620369948-GOOGLEINDIADIGITAL S","","60.00","3405.68","76","1"
"531","S5232997","26/06/2025","","NEFT-UTIBN62025062620447519-GOOGLEINDIADIGITAL S","","1075.00","4480.68","76","1"
"532","S5235638","26/06/2025","","NEFT-UTIBN62025062620503838-GOOGLEINDIADIGITAL S","","2400.00","6880.68","76","1"
"533","S5378804","26/06/2025","","NEFT-UTIBN62025062621210391-GOOGLEINDIADIGITAL S","","225.00","7105.68","76","1"
"534","S5497410","26/06/2025","","NEFT-UTIBN62025062621689975-GOOGLEINDIADIGITAL S","","2000.00","9105.68","76","1"
"535","S5497653","26/06/2025","","NEFT-UTIBN62025062621693401-GOOGLEINDIADIGITAL S","","1000.00","10105.68","76","1"
"536","S5557437","26/06/2025","","NEFT-UTIBN62025062622015719-GOOGLEINDIADIGITAL S","","18.00","10123.68","77","1"
"537","S5576116","26/06/2025","","NEFT-UTIBN62025062622088877-GOOGLEINDIADIGITAL S","","20.00","10143.68","77","1"
"538","S5589415","26/06/2025","","NEFT-UTIBN62025062622256867-GOOGLEINDIADIGITAL S","","1150.00","11293.68","77","1"
"539","S5591871","26/06/2025","","NEFT-UTIBN62025062622297441-GOOGLEINDIADIGITAL S","","190.00","11483.68","77","1"
"540","S6084840","27/06/2025","","NEFT-UTIBN62025062730131774-GOOGLEINDIADIGITAL S","","375.00","11858.68","77","1"
"541","S6084955","27/06/2025","","NEFT-UTIBN62025062730134731-GOOGLEINDIADIGITAL S","","200.00","12058.68","77","1"
"542","S6114112","27/06/2025","","NEFT-UTIBN62025062730257069-GOOGLEINDIADIGITAL S","","200.00","12258.68","77","1"
"543","S6153732","27/06/2025","","NEFT-UTIBN62025062730365620-GOOGLEINDIADIGITAL S","","1245.00","13503.68","78","1"
"544","S6224840","27/06/2025","","NEFT-UTIBN62025062730680719-GOOGLEINDIADIGITAL S","","20.00","13523.68","78","1"
"545","S6252283","27/06/2025","","NEFT-UTIBN62025062730787381-GOOGLEINDIADIGITAL S","","800.00","14323.68","78","1"
"546","S6254243","27/06/2025","","NEFT-UTIBN62025062730805341-GOOGLEINDIADIGITAL S","","2555.00","16878.68","78","1"
"547","S6254305","27/06/2025","","NEFT-UTIBN62025062730808421-GOOGLEINDIADIGITAL S","","2000.00","18878.68","78","1"
"548","S6298750","27/06/2025","","UPI/517825072498/LubriCash/deut2001030000@/Deutsch","","60.00","18938.68","78","1"
"549","S6445831","27/06/2025","","NEFT-UTIBN62025062731668952-GOOGLEINDIADIGITAL S","","460.00","19398.68","78","1"
"550","S6500876","27/06/2025","","NEFT-UTIBN62025062731950655-GOOGLEINDIADIGITAL S","","5430.00","24828.68","79","1"
"551","S6876535","28/06/2025","","NEFT-UTIBN62025062839701507-GOOGLEINDIADIGITAL S","","600.00","25428.68","79","1"
"552","S6980245","28/06/2025","","NEFT-UTIBN62025062840250539-GOOGLEINDIADIGITAL S","","1425.00","26853.68","79","1"
"553","S7001934","28/06/2025","","NEFT-UTIBN62025062840400036-GOOGLEINDIADIGITAL S","","1860.00","28713.68","79","1"
"554","S7020883","28/06/2025","","NEFT-UTIBN62025062840460192-GOOGLEINDIADIGITAL S","","10.00","28723.68","79","1"
"555","S7093122","28/06/2025","","NEFT-UTIBN62025062840899131-GOOGLEINDIADIGITAL S","","660.00","29383.68","79","1"
"556","S7140277","28/06/2025","","NEFT-UTIBN62025062841122617-GOOGLEINDIADIGITAL S","","60.00","29443.68","79","1"
"557","S7151269","28/06/2025","","INF/INFT/040735692211/advancepaymentt/TYRESALES1","19337.00","","10106.68","80","1"
"558","S7156062","28/06/2025","","NEFT-UTIBN62025062841213119-GOOGLEINDIADIGITAL S","","10200.00","20306.68","80","1"
"559","S7156757","28/06/2025","","NEFT-UTIBN62025062841236454-GOOGLEINDIADIGITAL S","","1500.00","21806.68","80","1"
"560","S7191728","28/06/2025","","NEFT-UTIBN62025062841488969-GOOGLEINDIADIGITAL S","","20.00","21826.68","80","1"
"561","S7243575","28/06/2025","","NEFT-UTIBN62025062841848564-GOOGLEINDIADIGITAL S","","370.00","22196.68","80","1"
"562","S7489311","29/06/2025","","NEFT-UTIBN62025062949301150-GOOGLEINDIADIGITAL S","","50.00","22246.68","80","1"
"563","S7661177","29/06/2025","","NEFT-UTIBN62025062950654338-GOOGLEINDIADIGITAL S","","575.00","22821.68","80","1"
"564","S7671045","29/06/2025","","NEFT-UTIBN62025062950712346-GOOGLEINDIADIGITAL S","","5.00","22826.68","81","1"
"565","S7771228","29/06/2025","","NEFT-UTIBN62025062951575161-GOOGLEINDIADIGITAL S","","2000.00","24826.68","81","1"
"566","S8414158","30/06/2025","","NEFT-UTIBN62025063059094127-GOOGLEINDIADIGITAL S","","550.00","25376.68","81","1"
"567","S8554476","30/06/2025","","NEFT-UTIBN62025063059286187-GOOGLEINDIADIGITAL S","","65.00","25441.68","81","1"
"568","S8879985","30/06/2025","","MMT/IMPS/518116789041/ReqPay/TIRUPATIA/StateBank","","70000.00","95441.68","81","1"
"569","S8913986","30/06/2025","","MMT/IMPS/518116177935/paymenttowardsi/VKENTERPRI/H","36700.00","","58741.68","81","1"
"570","S8924828","30/06/2025","","MMT/IMPS/518116189038/paymenttowardsi/HARIENTERP/B","30000.00","","28741.68","81","1"
"571","S9105155","30/06/2025","","NEFT-UTIBN62025063061708044-GOOGLEINDIADIGITAL S","","225.00","28966.68","82","1"
"572","S9246591","30/06/2025","","NEFT-UTIBN62025063062356392-GOOGLEINDIADIGITAL S","","480.00","29446.68","82","1"
"573","S9876160","01/07/2025","","NEFT-UTIBN62025070171311855-GOOGLEINDIADIGITAL S","","100.00","29546.68","82","1"
"574","S9907608","01/07/2025","","NEFT-UTIBN62025070171382866-GOOGLEINDIADIGITAL S","","375.00","29921.68","82","1"
"575","S9927106","01/07/2025","","NEFT-UTIBN62025070171429583-GOOGLEINDIADIGITAL S","","275.00","30196.68","82","1"
"576","S9930734","01/07/2025","","NEFT-UTIBN62025070171467399-GOOGLEINDIADIGITAL S","","25.00","30221.68","82","1"
"577","S9965484","01/07/2025","","NEFT-UTIBN62025070171577779-GOOGLEINDIADIGITAL S","","220.00","30441.68","82","1"
"578","S106292","01/07/2025","","NEFT-UTIBN62025070172752269-GOOGLEINDIADIGITAL S","","1575.00","32016.68","83","1"
"579","S151256","01/07/2025","","NEFT-UTIBN62025070172850399-GOOGLEINDIADIGITAL S","","1100.00","33116.68","83","1"
"580","S170695","01/07/2025","","NEFT-UTIBN62025070172983607-GOOGLEINDIADIGITAL S","","125.00","33241.68","83","1"
"581","S257613","01/07/2025","","NEFT-UTIBN62025070173194640-GOOGLEINDIADIGITAL S","","675.00","33916.68","83","1"
"582","S402813","01/07/2025","","NEFT-UTIBN62025070173902657-GOOGLEINDIADIGITAL S","","200.00","34116.68","83","1"
"583","S486316","01/07/2025","","NEFT-UTIBN62025070174332402-GOOGLEINDIADIGITAL S","","360.00","34476.68","83","1"
"584","S541719","01/07/2025","","NEFT-UTIBN62025070174675864-GOOGLEINDIADIGITAL S","","50.00","34526.68","83","1"
"585","S577408","01/07/2025","","NEFT-UTIBN62025070174842819-GOOGLEINDIADIGITAL S","","275.00","34801.68","84","1"
"586","S615811","01/07/2025","","NEFT-UTIBN62025070175155011-GOOGLEINDIADIGITAL S","","1565.00","36366.68","84","1"
"587","S743250","01/07/2025","","NEFT-UTIBN62025070175879112-GOOGLEINDIADIGITAL S","","200.00","36566.68","84","1"
"588","S1232013","02/07/2025","","NEFT-UTIBN62025070283375260-GOOGLEINDIADIGITAL S","","100.00","36666.68","84","1"
"589","S1343636","02/07/2025","","NEFT-UTIBN62025070283843202-GOOGLEINDIADIGITAL S","","390.00","37056.68","84","1"
"590","S1452756","02/07/2025","","NEFT-UTIBN62025070284238352-GOOGLEINDIADIGITAL S","","1760.00","38816.68","84","1"
"591","S1502302","02/07/2025","","NEFT-UTIBN62025070284411463-GOOGLEINDIADIGITAL S","","320.00","39136.68","84","1"
"592","S1538885","02/07/2025","","NEFT-UTIBN62025070284548471-GOOGLEINDIADIGITAL S","","650.00","39786.68","85","1"
"593","S1562551","02/07/2025","","INF/INFT/040778623231/advancepaymentt/TYRESALES1","13972.00","","25814.68","85","1"
"594","S1587232","02/07/2025","","NEFT-UTIBN62025070284781445-GOOGLEINDIADIGITAL S","","2000.00","27814.68","85","1"
"595","S1587759","02/07/2025","","NEFT-UTIBN62025070284783327-GOOGLEINDIADIGITAL S","","1000.00","28814.68","85","1"
"596","S1629354","02/07/2025","","INF/INFT/040779622231/advancepaymentt/SHREEJATYRE","4720.00","","24094.68","85","1"
"597","S1692973","02/07/2025","","NEFT-UTIBN62025070285276721-GOOGLEINDIADIGITAL S","","950.00","25044.68","85","1"
"598","S1696632","02/07/2025","","NEFT-UTIBN62025070285336847-GOOGLEINDIADIGITAL S","","940.00","25984.68","85","1"
"599","S2514479","03/07/2025","","NEFT-UTIBN62025070395625126-GOOGLEINDIADIGITAL S","","4000.00","29984.68","86","1"
"600","S2544203","03/07/2025","","UPI/518425047883/LubriCash/deut2001030000@/Deutsch","","50.00","30034.68","86","1"
"601","S2581098","03/07/2025","","NEFT-UTIBN62025070395845303-GOOGLEINDIADIGITAL S","","280.00","30314.68","86","1"
"602","S2582173","03/07/2025","","NEFT-UTIBN62025070395863409-GOOGLEINDIADIGITAL S","","1890.00","32204.68","86","1"
"603","S2650580","03/07/2025","","IMPS ChgMay-25+GST","135.70","","32068.98","86","1"
"604","S2746980","03/07/2025","","NEFT-UTIBN62025070396905883-GOOGLEINDIADIGITAL S","","1.00","32069.98","86","1"
"605","S2749245","03/07/2025","","NEFT-UTIBN62025070396925464-GOOGLEINDIADIGITAL S","","1435.00","33504.98","86","1"
"606","S2775645","03/07/2025","","NEFT-UTIBN62025070397041921-GOOGLEINDIADIGITAL S","","350.00","33854.98","87","1"
"607","S2829922","03/07/2025","","NEFT-UTIBN62025070397314425-GOOGLEINDIADIGITAL S","","9.00","33863.98","87","1"
"608","S3480627","04/07/2025","","NEFT-UTIBN62025070407884146-GOOGLEINDIADIGITAL S","","9000.00","42863.98","87","1"
"609","S3553041","04/07/2025","","NEFT-UTIBN62025070408452115-GOOGLEINDIADIGITAL S","","225.00","43088.98","87","1"
"610","S3553880","04/07/2025","","NEFT-UTIBN62025070408484164-GOOGLEINDIADIGITAL S","","300.00","43388.98","87","1"
"611","S3578634","04/07/2025","","NEFT-UTIBN62025070408525195-GOOGLEINDIADIGITAL S","","120.00","43508.98","87","1"
"612","S3583304","04/07/2025","","NEFT-UTIBN62025070408579014-GOOGLEINDIADIGITAL S","","900.00","44408.98","87","1"
"613","S3653881","04/07/2025","","NEFT-UTIBN62025070408771755-GOOGLEINDIADIGITAL S","","1625.00","46033.98","88","1"
"614","S3655292","04/07/2025","","NEFT-UTIBN62025070408808757-GOOGLEINDIADIGITAL S","","900.00","46933.98","88","1"
"615","S3687788","04/07/2025","","NEFT-UTIBN62025070409022984-GOOGLEINDIADIGITAL S","","200.00","47133.98","88","1"
"616","S3857347","04/07/2025","","NEFT-UTIBN62025070409612369-GOOGLEINDIADIGITAL S","","76.00","47209.98","88","1"
"617","S3858743","04/07/2025","","NEFT-UTIBN62025070409628155-GOOGLEINDIADIGITAL S","","240.00","47449.98","88","1"
"618","S4090614","04/07/2025","","NEFT-UTIBN62025070410962906-GOOGLEINDIADIGITAL S","","200.00","47649.98","88","1"
"619","S4192415","04/07/2025","","NEFT-UTIBN62025070411642615-GOOGLEINDIADIGITAL S","","650.00","48299.98","88","1"
"620","S4575880","05/07/2025","","BIL/BusinessLoanXX05537EMI Tiru","11019.00","","37280.98","89","1"
"621","S4916270","05/07/2025","","NEFT-UTIBN62025070520060982-GOOGLEINDIADIGITAL S","","45.00","37325.98","89","1"
"622","S4929859","05/07/2025","","NEFT-UTIBN62025070520154077-GOOGLEINDIADIGITAL S","","450.00","37775.98","89","1"
"623","S5106927","05/07/2025","","NEFT-UTIBN62025070520768665-GOOGLEINDIADIGITAL S","","270.00","38045.98","89","1"
"624","S5107611","05/07/2025","","NEFT-UTIBN62025070520770694-GOOGLEINDIADIGITAL S","","10.00","38055.98","89","1"
"625","S5110030","05/07/2025","","NEFT-UTIBN62025070520803629-GOOGLEINDIADIGITAL S","","170.00","38225.98","89","1"
"626","S5177674","05/07/2025","","NEFT-UTIBN62025070521033954-GOOGLEINDIADIGITAL S","","300.00","38525.98","89","1"
"627","S5189285","05/07/2025","","NEFT-UTIBN62025070521203208-GOOGLEINDIADIGITAL S","","80.00","38605.98","90","1"
"628","S5253757","05/07/2025","","NEFT-UTIBN62025070521565371-GOOGLEINDIADIGITAL S","","540.00","39145.98","90","1"
"629","S5256272","05/07/2025","","MMT/IMPS/518614194520/paymenttowardsi/SHREEMAHIN/H","9765.00","","29380.98","90","1"
"630","S5534824","05/07/2025","","NEFT-UTIBN62025070522652600-GOOGLEINDIADIGITAL S","","1790.00","31170.98","90","1"
"631","S5604518","05/07/2025","","NEFT-UTIBN62025070523164885-GOOGLEINDIADIGITAL S","","135.00","31305.98","90","1"
"632","S6006804","06/07/2025","","NEFT-UTIBN62025070631290310-GOOGLEINDIADIGITAL S","","375.00","31680.98","90","1"
"633","S6023124","06/07/2025","","NEFT-UTIBN62025070631422882-GOOGLEINDIADIGITAL S","","50.00","31730.98","90","1"
"634","S6097849","06/07/2025","","NEFT-UTIBN62025070631984398-GOOGLEINDIADIGITAL S","","300.00","32030.98","91","1"
"635","S6111710","06/07/2025","","NEFT-UTIBN62025070632033447-GOOGLEINDIADIGITAL S","","720.00","32750.98","91","1"
"636","S6112259","06/07/2025","","NEFT-UTIBN62025070632072620-GOOGLEINDIADIGITAL S","","370.00","33120.98","91","1"
"637","S6238155","06/07/2025","","NEFT-UTIBN62025070632873710-GOOGLEINDIADIGITAL S","","80.00","33200.98","91","1"
"638","S6841776","07/07/2025","","MMT/IMPS/518809718443/ReqPay/tirupatiau/State Bank","","50000.00","83200.98","91","1"
"639","S6843657","07/07/2025","","MMT/IMPS/518809909224/paymenttowardsi/GOELENTERP/I","43532.00","","39668.98","91","1"
"640","S6850843","07/07/2025","","NEFT-UTIBN62025070740568101-GOOGLEINDIADIGITAL S","","50.00","39718.98","91","1"
"641","S6851170","07/07/2025","","NEFT-UTIBN62025070740574570-GOOGLEINDIADIGITAL S","","200.00","39918.98","92","1"
"642","S6857783","07/07/2025","","MMT/IMPS/518810939539/advancepaymentt/CHAMPARANT/H","11350.00","","28568.98","92","1"
"643","S6862545","07/07/2025","","MMT/IMPS/518810954540/paymenttowardsi/HANDBROTHE/H","20167.00","","8401.98","92","1"
"644","S7046909","07/07/2025","","NEFT-UTIBN62025070741400791-GOOGLEINDIADIGITAL S","","55.00","8456.98","92","1"
"645","S7098696","07/07/2025","","MMT/IMPS/518813913246/ReqPay/tirupatiau/State Bank","","21000.00","29456.98","92","1"
"646","S7100505","07/07/2025","","INF/INFT/040837289321/advancepaymentt/TYRESALES1","19143.00","","10313.98","92","1"
"647","S7171032","07/07/2025","","NEFT-UTIBN62025070741925291-GOOGLEINDIADIGITAL S","","200.00","10513.98","92","1"
"648","S8126800","08/07/2025","","NEFT-UTIBN62025070852565358-GOOGLEINDIADIGITAL S","","50.00","10563.98","93","1"
"649","S8264156","08/07/2025","","NEFT-UTIBN62025070853160194-GOOGLEINDIADIGITAL S","","1800.00","12363.98","93","1"
"650","S8437431","08/07/2025","","NEFT-UTIBN62025070854072518-GOOGLEINDIADIGITAL S","","130.00","12493.98","93","1"
"651","S8470475","08/07/2025","","NEFT-UTIBN62025070854114724-GOOGLEINDIADIGITAL S","","520.00","13013.98","93","1"
"652","S8629047","08/07/2025","","NEFT-UTIBN62025070855208333-GOOGLEINDIADIGITAL S","","360.00","13373.98","93","1"
"653","S8987873","09/07/2025","","UPI/519025002305/PGWI012746170L/deut2001030000@/D","","140.00","13513.98","93","1"
"654","S9206123","09/07/2025","","NEFT-UTIBN62025070963971152-GOOGLEINDIADIGITAL S","","1075.00","14588.98","93","1"
"655","S9244349","09/07/2025","","UPI/519025058743/PGWI012748013L/deut2001030000@/D","","420.00","15008.98","94","1"
"656","S9350534","09/07/2025","","NEFT-UTIBN62025070964908111-GOOGLEINDIADIGITAL S","","295.00","15303.98","94","1"
"657","S9787560","10/07/2025","","MMT/IMPS/519100001720/IMPSP2A/CastrolIn/Standard","","300.00","15603.98","94","1"
"658","S602020","10/07/2025","","NEFT-UTIBN62025071075730728-GOOGLEINDIADIGITAL S","","15.00","15618.98","94","1"
"659","S742117","10/07/2025","","NEFT-UTIBN62025071076480024-GOOGLEINDIADIGITAL S","","1000.00","16618.98","94","1"
"660","S747369","10/07/2025","","NEFT-UTIBN62025071076546440-GOOGLEINDIADIGITAL S","","2000.00","18618.98","94","1"
"661","S768254","10/07/2025","","NEFT-UTIBN62025071076581497-GOOGLEINDIADIGITAL S","","113.00","18731.98","94","1"
"662","S758060","10/07/2025","","UPI/354551022537/Payment fromPh/jayaswalmitashi/S","","10000.00","28731.98","95","1"
"663","S887592","10/07/2025","","NEFT-UTIBN62025071077397550-GOOGLEINDIADIGITAL S","","750.00","29481.98","95","1"
"664","S1330001","11/07/2025","","MMT/IMPS/519208848791/ReqPay/tirupatiau/State Bank","","15000.00","44481.98","95","1"
"665","S1331359","11/07/2025","","MMT/IMPS/519208929645/paymenttowardsi/KISANGRIIM/H","14238.00","","30243.98","95","1"
"666","S1523994","11/07/2025","","NEFT-UTIBN62025071186249753-GOOGLEINDIADIGITAL S","","275.00","30518.98","95","1"
"667","S1594333","11/07/2025","","NEFT-UTIBN62025071186630219-GOOGLEINDIADIGITAL S","","450.00","30968.98","95","1"
"668","S1627185","11/07/2025","","NEFT-UTIBN62025071186826596-GOOGLEINDIADIGITAL S","","100.00","31068.98","95","1"
"669","S1879034","11/07/2025","","NEFT-UTIBN62025071188320281-GOOGLEINDIADIGITAL S","","3500.00","34568.98","96","1"
"670","S1969371","11/07/2025","","NEFT-UTIBN62025071188915268-GOOGLEINDIADIGITAL S","","640.00","35208.98","96","1"
"671","S1979591","11/07/2025","","NEFT-UTIBN62025071189016701-GOOGLEINDIADIGITAL S","","80.00","35288.98","96","1"
"672","S1988111","11/07/2025","","NEFT-UTIBN62025071189088069-GOOGLEINDIADIGITAL S","","400.00","35688.98","96","1"
"673","S2015914","11/07/2025","","NEFT-UTIBN62025071189197134-GOOGLEINDIADIGITAL S","","40.00","35728.98","96","1"
"674","S2231271","12/07/2025","","MMT/IMPS/519306006167/IMPSP2A/CastrolIn/Standard","","45.00","35773.98","96","1"
"675","S2440371","12/07/2025","","NEFT-UTIBN62025071298004226-GOOGLEINDIADIGITAL S","","350.00","36123.98","96","1"
"676","S2465952","12/07/2025","","NEFT-UTIBN62025071298207996-GOOGLEINDIADIGITAL S","","390.00","36513.98","97","1"
"677","S2537079","12/07/2025","","NEFT-UTIBN62025071298535674-GOOGLEINDIADIGITAL S","","500.00","37013.98","97","1"
"678","S2571839","12/07/2025","","NEFT-UTIBN62025071298712095-GOOGLEINDIADIGITAL S","","230.00","37243.98","97","1"
"679","S2591747","12/07/2025","","NEFT-UTIBN62025071298817669-GOOGLEINDIADIGITAL S","","275.00","37518.98","97","1"
"680","S2592755","12/07/2025","","NEFT-UTIBN62025071298857891-GOOGLEINDIADIGITAL S","","750.00","38268.98","97","1"
"681","S2592725","12/07/2025","","NEFT-UTIBN62025071298860805-GOOGLEINDIADIGITAL S","","40.00","38308.98","97","1"
"682","S2594306","12/07/2025","","NEFT-UTIBN62025071298912509-GOOGLEINDIADIGITAL S","","1800.00","40108.98","97","1"
"683","S2631508","12/07/2025","","NEFT-UTIBN62025071299046936-GOOGLEINDIADIGITAL S","","1295.00","41403.98","98","1"
"684","S2822321","13/07/2025","","MMT/IMPS/519400006459/IMPSP2A/CastrolIn/Standard","","190.00","41593.98","98","1"
"685","S2946127","13/07/2025","","NEFT-UTIBN62025071307448156-GOOGLEINDIADIGITAL S","","400.00","41993.98","98","1"
"686","S2974470","13/07/2025","","NEFT-UTIBN62025071307689698-GOOGLEINDIADIGITAL S","","300.00","42293.98","98","1"
"687","S3026434","13/07/2025","","NEFT-UTIBN62025071308062239-GOOGLEINDIADIGITAL S","","630.00","42923.98","98","1"
"688","S3040745","13/07/2025","","NEFT-UTIBN62025071308127099-GOOGLEINDIADIGITAL S","","400.00","43323.98","98","1"
"689","S3053691","13/07/2025","","NEFT-UTIBN62025071308295142-GOOGLEINDIADIGITAL S","","500.00","43823.98","98","1"
"690","S3066434","13/07/2025","","NEFT-UTIBN62025071308447898-GOOGLEINDIADIGITAL S","","510.00","44333.98","99","1"
"691","S3113347","13/07/2025","","NEFT-UTIBN62025071308750610-GOOGLEINDIADIGITAL S","","1450.00","45783.98","99","1"
"692","S3181134","13/07/2025","","NEFT-UTIBN62025071309241173-GOOGLEINDIADIGITAL S","","60.00","45843.98","99","1"
"693","S3209195","13/07/2025","","NEFT-UTIBN62025071309636550-GOOGLEINDIADIGITAL S","","720.00","46563.98","99","1"
"694","S3240482","13/07/2025","","NEFT-UTIBN62025071309686879-GOOGLEINDIADIGITAL S","","225.00","46788.98","99","1"
"695","S3560671","14/07/2025","","NEFT-UTIBN62025071417413647-GOOGLEINDIADIGITAL S","","1140.00","47928.98","99","1"
"696","S3591216","14/07/2025","","UPI/519525011197/LubriCash/deut2001030000@/Deutsch","","80.00","48008.98","99","1"
"697","S3605230","14/07/2025","","NEFT-UTIBN62025071417686663-GOOGLEINDIADIGITAL S","","280.00","48288.98","100","1"
"698","S3629785","14/07/2025","","NEFT-UTIBN62025071417773945-GOOGLEINDIADIGITAL S","","20.00","48308.98","100","1"
"699","S3692422","14/07/2025","","NEFT-UTIBN62025071418104377-GOOGLEINDIADIGITAL S","","715.00","49023.98","100","1"
"700","S3855344","14/07/2025","","MMT/IMPS/519515179396/paymenttowardsi/SMENTERPRI/Y","24290.00","","24733.98","100","1"
"701","S4041902","14/07/2025","","MMT/IMPS/519517749298/ReqPay/tirupatiau/State Bank","","40000.00","64733.98","100","1"
"702","S4046170","14/07/2025","","INF/INFT/040929700811/ADVANCEPAYMENTT/TYRECENTRE2","38500.00","","26233.98","100","1"
"703","S4051890","14/07/2025","","NEFT-UTIBN62025071419819989-GOOGLEINDIADIGITAL S","","1950.00","28183.98","100","1"
"704","S4653042","15/07/2025","","NEFT-UTIBN62025071528577633-GOOGLEINDIADIGITAL S","","275.00","28458.98","101","1"
"705","S4895302","15/07/2025","","NEFT-UTIBN62025071529658375-GOOGLEINDIADIGITAL S","","300.00","28758.98","101","1"
"706","S4986228","15/07/2025","","MMT/IMPS/519614730863/ReqPay/tirupatiau/State Bank","","20000.00","48758.98","101","1"
"707","S4988374","15/07/2025","","MMT/IMPS/519614432871/paymenttowardsi/HARIENTERP/B","21000.00","","27758.98","101","1"
"708","S5030320","15/07/2025","","NEFT-UTIBN62025071530376068-GOOGLEINDIADIGITAL S","","215.00","27973.98","101","1"
"709","S5111245","15/07/2025","","NEFT-UTIBN62025071530710960-GOOGLEINDIADIGITAL S","","20.00","27993.98","101","1"
"710","S5111700","15/07/2025","","NEFT-UTIBN62025071530716529-GOOGLEINDIADIGITAL S","","450.00","28443.98","101","1"
"711","S5111832","15/07/2025","","NEFT-UTIBN62025071530719511-GOOGLEINDIADIGITAL S","","20.00","28463.98","102","1"
"712","S5200674","15/07/2025","","NEFT-UTIBN62025071531198075-GOOGLEINDIADIGITAL S","","270.00","28733.98","102","1"
"713","S5208882","15/07/2025","","NEFT-UTIBN62025071531271244-GOOGLEINDIADIGITAL S","","1550.00","30283.98","102","1"
"714","S5290254","15/07/2025","","UPI/519625128721/PGWI012784673L/deut2001030000@/D","","160.00","30443.98","102","1"
"715","S5463100","16/07/2025","","NEFT-UTIBN62025071633894887-GOOGLEINDIADIGITAL S","","2000.00","32443.98","102","1"
"716","S5463368","16/07/2025","","NEFT-UTIBN62025071633931899-GOOGLEINDIADIGITAL S","","500.00","32943.98","102","1"
"717","S5463239","16/07/2025","","NEFT-UTIBN62025071633934991-GOOGLEINDIADIGITAL S","","2000.00","34943.98","102","1"
"718","S5644655","16/07/2025","","NEFT-UTIBN62025071639887267-GOOGLEINDIADIGITAL S","","1950.00","36893.98","103","1"
"719","S5770631","16/07/2025","","NEFT-UTIBN62025071640557753-GOOGLEINDIADIGITAL S","","220.00","37113.98","103","1"
"720","S5859463","16/07/2025","","NEFT-UTIBN62025071641133189-GOOGLEINDIADIGITAL S","","2124.00","39237.98","103","1"
"721","S5905635","16/07/2025","","NEFT-UTIBN62025071641412707-GOOGLEINDIADIGITAL S","","1440.00","40677.98","103","1"
"722","S6089387","16/07/2025","","NEFT-UTIBN62025071642318404-GOOGLEINDIADIGITAL S","","1100.00","41777.98","103","1"
"723","S6111255","16/07/2025","","NEFT-UTIBN62025071642437454-GOOGLEINDIADIGITAL S","","425.00","42202.98","103","1"
"724","S6194947","16/07/2025","","NEFT-UTIBN62025071643215635-GOOGLEINDIADIGITAL S","","124.00","42326.98","103","1"
"725","S6625167","17/07/2025","","NEFT-UTIBN62025071751818207-GOOGLEINDIADIGITAL S","","250.00","42576.98","104","1"
"726","S6627033","17/07/2025","","NEFT-UTIBN62025071751874653-GOOGLEINDIADIGITAL S","","1500.00","44076.98","104","1"
"727","S6628566","17/07/2025","","NEFT-UTIBN62025071751927264-GOOGLEINDIADIGITAL S","","70.00","44146.98","104","1"
"728","S6628657","17/07/2025","","NEFT-UTIBN62025071751926620-GOOGLEINDIADIGITAL S","","50.00","44196.98","104","1"
"729","S6628870","17/07/2025","","NEFT-UTIBN62025071751929946-GOOGLEINDIADIGITAL S","","20.00","44216.98","104","1"
"730","S6706196","17/07/2025","","MMT/IMPS/519813907528/advancepaymentt/TYRECENTRE/K","40870.00","","3346.98","104","1"
"731","S6717695","17/07/2025","","NEFT-UTIBN62025071752393136-GOOGLEINDIADIGITAL S","","350.00","3696.98","104","1"
"732","S6795872","17/07/2025","","NEFT-UTIBN62025071752880515-GOOGLEINDIADIGITAL S","","190.00","3886.98","105","1"
"733","S6859570","17/07/2025","","NEFT-UTIBN62025071753235294-GOOGLEINDIADIGITAL S","","1000.00","4886.98","105","1"
"734","S6901043","17/07/2025","","NEFT-UTIBN62025071753402035-GOOGLEINDIADIGITAL S","","1000.00","5886.98","105","1"
"735","S6922869","17/07/2025","","MMT/IMPS/519817660360/ReqPay/tirupatiau/State Bank","","25000.00","30886.98","105","1"
"736","S6944773","17/07/2025","","NEFT-UTIBN62025071753649059-GOOGLEINDIADIGITAL S","","3300.00","34186.98","105","1"
"737","S6945290","17/07/2025","","NEFT-UTIBN62025071753653143-GOOGLEINDIADIGITAL S","","3300.00","37486.98","105","1"
"738","S7008410","17/07/2025","","NEFT-UTIBN62025071754163000-GOOGLEINDIADIGITAL S","","410.00","37896.98","105","1"
"739","S7465584","18/07/2025","","NEFT-UTIBN62025071862938190-GOOGLEINDIADIGITAL S","","70.00","37966.98","106","1"
"740","S7602360","18/07/2025","","MMT/IMPS/519913063344/IMPSP2A/CastrolIn/Standard","","15.00","37981.98","106","1"
"741","S7686732","18/07/2025","","NEFT-UTIBN62025071863947700-GOOGLEINDIADIGITAL S","","500.00","38481.98","106","1"
"742","S7708998","18/07/2025","","NEFT-UTIBN62025071864027936-GOOGLEINDIADIGITAL S","","295.00","38776.98","106","1"
"743","S7795246","18/07/2025","","NEFT-UTIBN62025071864465851-GOOGLEINDIADIGITAL S","","200.00","38976.98","106","1"
"744","S7832409","18/07/2025","","MMT/IMPS/519917953314/paymenttowardsi/GOELENTERP/I","20000.00","","18976.98","106","1"
"745","S7838893","18/07/2025","","NEFT-UTIBN62025071864774811-GOOGLEINDIADIGITAL S","","2500.00","21476.98","106","1"
"746","S7851736","18/07/2025","","NEFT-UTIBN62025071864775565-GOOGLEINDIADIGITAL S","","1360.00","22836.98","107","1"
"747","S7857011","18/07/2025","","NEFT-UTIBN62025071864858991-GOOGLEINDIADIGITAL S","","168.00","23004.98","107","1"
"748","S7860416","18/07/2025","","NEFT-UTIBN62025071864893490-GOOGLEINDIADIGITAL S","","2500.00","25504.98","107","1"
"749","S8218190","19/07/2025","","NEFT-UTIBN62025071973324044-GOOGLEINDIADIGITAL S","","1000.00","26504.98","107","1"
"750","S8219596","19/07/2025","","NEFT-UTIBN62025071973371664-GOOGLEINDIADIGITAL S","","1700.00","28204.98","107","1"
"751","S8260808","19/07/2025","","NEFT-UTIBN62025071973594949-GOOGLEINDIADIGITAL S","","30.00","28234.98","107","1"
"752","S8332067","19/07/2025","","NEFT-UTIBN62025071973982804-GOOGLEINDIADIGITAL S","","4800.00","33034.98","107","1"
"753","S8333824","19/07/2025","","NEFT-UTIBN62025071973994193-GOOGLEINDIADIGITAL S","","2000.00","35034.98","108","1"
"754","S8333955","19/07/2025","","NEFT-UTIBN62025071973995212-GOOGLEINDIADIGITAL S","","1065.00","36099.98","108","1"
"755","S8369579","19/07/2025","","NEFT-UTIBN62025071974068546-GOOGLEINDIADIGITAL S","","225.00","36324.98","108","1"
"756","S8432149","19/07/2025","","MMT/IMPS/520013332659/paymenttowardsi/CHAMPARANT/H","13540.00","","22784.98","108","1"
"757","S8492854","19/07/2025","","NEFT-UTIBN62025071974876692-GOOGLEINDIADIGITAL S","","450.00","23234.98","108","1"
"758","S8561779","19/07/2025","","NEFT-UTIBN62025071975289089-GOOGLEINDIADIGITAL S","","1200.00","24434.98","108","1"
"759","S8604103","19/07/2025","","NEFT-UTIBN62025071975440651-GOOGLEINDIADIGITAL S","","20.00","24454.98","108","1"
"760","S8675965","19/07/2025","","NEFT-UTIBN62025071976027671-GOOGLEINDIADIGITAL S","","8.00","24462.98","109","1"
"761","S8690675","19/07/2025","","NEFT-UTIBN62025071976057349-GOOGLEINDIADIGITAL S","","280.00","24742.98","109","1"
"762","S9061962","20/07/2025","","NEFT-UTIBN62025072087111974-GOOGLEINDIADIGITAL S","","1680.00","26422.98","109","1"
"763","S9084995","20/07/2025","","NEFT-UTIBN62025072087237794-GOOGLEINDIADIGITAL S","","2000.00","28422.98","109","1"
"764","S9106192","20/07/2025","","NEFT-UTIBN62025072087385163-GOOGLEINDIADIGITAL S","","840.00","29262.98","109","1"
"765","S9141298","20/07/2025","","NEFT-UTIBN62025072087742050-GOOGLEINDIADIGITAL S","","475.00","29737.98","109","1"
"766","S9151481","20/07/2025","","NEFT-UTIBN62025072087773813-GOOGLEINDIADIGITAL S","","920.00","30657.98","109","1"
"767","S9161747","20/07/2025","","NEFT-UTIBN62025072087865765-GOOGLEINDIADIGITAL S","","250.00","30907.98","110","1"
"768","S9562602","21/07/2025","","NEFT-UTIBN62025072196018317-GOOGLEINDIADIGITAL S","","205.00","31112.98","110","1"
"769","S9760911","21/07/2025","","NEFT-UTIBN62025072196901896-GOOGLEINDIADIGITAL S","","390.00","31502.98","110","1"
"770","S33907","21/07/2025","","NEFT-UTIBN62025072198224131-GOOGLEINDIADIGITAL S","","280.00","31782.98","110","1"
"771","S415448","22/07/2025","","NEFT-UTIBN62025072206482365-GOOGLEINDIADIGITAL S","","100.00","31882.98","110","1"
"772","S430981","22/07/2025","","NEFT-UTIBN62025072206563087-GOOGLEINDIADIGITAL S","","125.00","32007.98","110","1"
"773","S432815","22/07/2025","","NEFT-UTIBN62025072206624790-GOOGLEINDIADIGITAL S","","50.00","32057.98","110","1"
"774","S480183","22/07/2025","","NEFT-UTIBN62025072206798971-GOOGLEINDIADIGITAL S","","1500.00","33557.98","111","1"
"775","S527975","22/07/2025","","NEFT-UTIBN62025072207078216-GOOGLEINDIADIGITAL S","","320.00","33877.98","111","1"
"776","S577274","22/07/2025","","NEFT-UTIBN62025072207315947-GOOGLEINDIADIGITAL S","","1900.00","35777.98","111","1"
"777","S577912","22/07/2025","","NEFT-UTIBN62025072207336884-GOOGLEINDIADIGITAL S","","50.00","35827.98","111","1"
"778","S608191","22/07/2025","","NEFT-UTIBN62025072207555784-GOOGLEINDIADIGITAL S","","220.00","36047.98","111","1"
"779","S742524","22/07/2025","","NEFT-UTIBN62025072208283634-GOOGLEINDIADIGITAL S","","1150.00","37197.98","111","1"
"780","S766565","22/07/2025","","NEFT-UTIBN62025072208352857-GOOGLEINDIADIGITAL S","","900.00","38097.98","111","1"
"781","S806665","22/07/2025","","NEFT-UTIBN62025072208567034-GOOGLEINDIADIGITAL S","","500.00","38597.98","112","1"
"782","S831833","22/07/2025","","NEFT-UTIBN62025072208690673-GOOGLEINDIADIGITAL S","","390.00","38987.98","112","1"
"783","S889511","22/07/2025","","NEFT-UTIBN62025072209053668-GOOGLEINDIADIGITAL S","","1450.00","40437.98","112","1"
"784","S913620","22/07/2025","","NEFT-UTIBN62025072209333063-GOOGLEINDIADIGITAL S","","320.00","40757.98","112","1"
"785","S1282039","23/07/2025","","NEFT-UTIBN62025072317296610-GOOGLEINDIADIGITAL S","","3000.00","43757.98","112","1"
"786","S1380723","23/07/2025","","NEFT-UTIBN62025072317858380-GOOGLEINDIADIGITAL S","","1515.00","45272.98","112","1"
"787","S1405131","23/07/2025","","NEFT-UTIBN62025072318064904-GOOGLEINDIADIGITAL S","","180.00","45452.98","112","1"
"788","S1406629","23/07/2025","","NEFT-UTIBN62025072318102030-GOOGLEINDIADIGITAL S","","340.00","45792.98","113","1"
"789","S1475620","23/07/2025","","NEFT-UTIBN62025072318467468-GOOGLEINDIADIGITAL S","","1280.00","47072.98","113","1"
"790","S1565973","23/07/2025","","NEFT-UTIBN62025072318870843-GOOGLEINDIADIGITAL S","","500.00","47572.98","113","1"
"791","S1680305","23/07/2025","","NEFT-UTIBN62025072319501787-GOOGLEINDIADIGITAL S","","2000.00","49572.98","113","1"
"792","S1737543","23/07/2025","","NEFT-UTIBN62025072320046371-GOOGLEINDIADIGITAL S","","30.00","49602.98","113","1"
"793","S1763740","23/07/2025","","NEFT-UTIBN62025072320319148-GOOGLEINDIADIGITAL S","","25.00","49627.98","113","1"
"794","S1766296","23/07/2025","","NEFT-UTIBN62025072320373923-GOOGLEINDIADIGITAL S","","25.00","49652.98","113","1"
"795","S2115608","24/07/2025","","NEFT-UTIBN62025072428484383-GOOGLEINDIADIGITAL S","","2485.00","52137.98","114","1"
"796","S2177255","24/07/2025","","NEFT-UTIBN62025072428819590-GOOGLEINDIADIGITAL S","","200.00","52337.98","114","1"
"797","S2177471","24/07/2025","","NEFT-UTIBN62025072428821560-GOOGLEINDIADIGITAL S","","50.00","52387.98","114","1"
"798","S2179433","24/07/2025","","NEFT-UTIBN62025072428848171-GOOGLEINDIADIGITAL S","","405.00","52792.98","114","1"
"799","S2292717","24/07/2025","","NEFT-UTIBN62025072429416042-GOOGLEINDIADIGITAL S","","50.00","52842.98","114","1"
"800","S2390315","24/07/2025","","NEFT-UTIBN62025072429996159-GOOGLEINDIADIGITAL S","","3000.00","55842.98","114","1"
"801","S2391853","24/07/2025","","NEFT-UTIBN62025072430005740-GOOGLEINDIADIGITAL S","","50.00","55892.98","114","1"
"802","S2411246","24/07/2025","","NEFT-UTIBN62025072430048158-GOOGLEINDIADIGITAL S","","100.00","55992.98","115","1"
"803","S2505578","24/07/2025","","NEFT-UTIBN62025072430559436-GOOGLEINDIADIGITAL S","","1000.00","56992.98","115","1"
"804","S2541892","24/07/2025","","MMT/IMPS/520518621781/paymenttowardsi/AKENTERPRI/S","28630.00","","28362.98","115","1"
"805","S2599493","24/07/2025","","NEFT-UTIBN62025072431246968-GOOGLEINDIADIGITAL S","","1625.00","29987.98","115","1"
"806","S2616343","24/07/2025","","NEFT-UTIBN62025072431375475-GOOGLEINDIADIGITAL S","","1825.00","31812.98","115","1"
"807","S2973601","25/07/2025","","NEFT-UTIBN62025072539008467-GOOGLEINDIADIGITAL S","","12.00","31824.98","115","1"
"808","S3046947","25/07/2025","","NEFT-UTIBN62025072539397991-GOOGLEINDIADIGITAL S","","1450.00","33274.98","115","1"
"809","S3126766","25/07/2025","","NEFT-UTIBN62025072539623952-GOOGLEINDIADIGITAL S","","530.00","33804.98","116","1"
"810","S3431646","25/07/2025","","NEFT-UTIBN62025072541013279-GOOGLEINDIADIGITAL S","","2810.00","36614.98","116","1"
"811","S3516292","25/07/2025","","NEFT-UTIBN62025072541449929-GOOGLEINDIADIGITAL S","","2485.00","39099.98","116","1"
"812","S3547245","25/07/2025","","NEFT-UTIBN62025072541783514-GOOGLEINDIADIGITAL S","","925.00","40024.98","116","1"
"813","S3566536","25/07/2025","","UPI/520625119704/PGWI012836830L/deut2001030000@/D","","160.00","40184.98","116","1"
"814","S3837211","26/07/2025","","NEFT-UTIBN62025072649532084-GOOGLEINDIADIGITAL S","","100.00","40284.98","116","1"
"815","S4024038","26/07/2025","","MMT/IMPS/520714724142/ReqPay/tirupatiau/State Bank","","26956.00","67240.98","116","1"
"816","S4075559","26/07/2025","","INF/INFT/041047295841/advancepaymentt/TYRESALES1","23537.00","","43703.98","117","1"
"817","S4085848","26/07/2025","","NEFT-UTIBN62025072650944482-GOOGLEINDIADIGITAL S","","2810.00","46513.98","117","1"
"818","S4102049","26/07/2025","","NEFT-UTIBN62025072651037266-GOOGLEINDIADIGITAL S","","2000.00","48513.98","117","1"
"819","S4101967","26/07/2025","","NEFT-UTIBN62025072651036032-GOOGLEINDIADIGITAL S","","2000.00","50513.98","117","1"
"820","S4102082","26/07/2025","","NEFT-UTIBN62025072651040354-GOOGLEINDIADIGITAL S","","1945.00","52458.98","117","1"
"821","S4108954","26/07/2025","","MMT/IMPS/520717325628/paymenttowardsi/GOELENTERP/I","18608.00","","33850.98","117","1"
"822","S4116793","26/07/2025","","NEFT-UTIBN62025072651094205-GOOGLEINDIADIGITAL S","","6830.00","40680.98","117","1"
"823","S4152612","26/07/2025","","NEFT-UTIBN62025072651285620-GOOGLEINDIADIGITAL S","","600.00","41280.98","118","1"
"824","S4155844","26/07/2025","","NEFT-UTIBN62025072651470392-GOOGLEINDIADIGITAL S","","550.00","41830.98","118","1"
"825","S4462033","27/07/2025","","NEFT-UTIBN62025072759617028-GOOGLEINDIADIGITAL S","","2900.00","44730.98","118","1"
"826","S4473413","27/07/2025","","NEFT-UTIBN62025072759680496-GOOGLEINDIADIGITAL S","","4740.00","49470.98","118","1"
"827","S4485576","27/07/2025","","NEFT-UTIBN62025072759785943-GOOGLEINDIADIGITAL S","","1365.00","50835.98","118","1"
"828","S4486111","27/07/2025","","NEFT-UTIBN62025072759827626-GOOGLEINDIADIGITAL S","","14.00","50849.98","118","1"
"829","S4554430","27/07/2025","","NEFT-UTIBN62025072760363156-GOOGLEINDIADIGITAL S","","250.00","51099.98","118","1"
"830","S4564667","27/07/2025","","NEFT-UTIBN62025072760465406-GOOGLEINDIADIGITAL S","","1500.00","52599.98","119","1"
"831","S4564574","27/07/2025","","NEFT-UTIBN62025072760468820-GOOGLEINDIADIGITAL S","","280.00","52879.98","119","1"
"832","S4573179","27/07/2025","","NEFT-UTIBN62025072760500971-GOOGLEINDIADIGITAL S","","625.00","53504.98","119","1"
"833","S4582381","27/07/2025","","NEFT-UTIBN62025072760559164-GOOGLEINDIADIGITAL S","","240.00","53744.98","119","1"
"834","S4592681","27/07/2025","","NEFT-UTIBN62025072760693659-GOOGLEINDIADIGITAL S","","420.00","54164.98","119","1"
"835","S4661039","27/07/2025","","NEFT-UTIBN62025072761351397-GOOGLEINDIADIGITAL S","","250.00","54414.98","119","1"
"836","S5113748","28/07/2025","","NEFT-UTIBN62025072869295100-GOOGLEINDIADIGITAL S","","1000.00","55414.98","119","1"
"837","S5141756","28/07/2025","","NEFT-UTIBN62025072869471606-GOOGLEINDIADIGITAL S","","1000.00","56414.98","120","1"
"838","S5621189","28/07/2025","","NEFT-UTIBN62025072871688482-GOOGLEINDIADIGITAL S","","250.00","56664.98","120","1"
"839","S6035493","29/07/2025","","NEFT-UTIBN62025072979623151-GOOGLEINDIADIGITAL S","","1725.00","58389.98","120","1"
"840","S6236895","29/07/2025","","NEFT-UTIBN62025072980478493-GOOGLEINDIADIGITAL S","","35.00","58424.98","120","1"
"841","S6360471","29/07/2025","","NEFT-UTIBN62025072981001306-GOOGLEINDIADIGITAL S","","1550.00","59974.98","120","1"
"842","S6982009","30/07/2025","","NEFT-UTIBN62025073089950226-GOOGLEINDIADIGITAL S","","124.00","60098.98","120","1"
"843","S7009074","30/07/2025","","NEFT-UTIBN62025073090188104-GOOGLEINDIADIGITAL S","","1425.00","61523.98","120","1"
"844","S7042322","30/07/2025","","NEFT-UTIBN62025073090364790-GOOGLEINDIADIGITAL S","","100.00","61623.98","121","1"
"845","S7103028","30/07/2025","","NEFT-UTIBN62025073090646099-GOOGLEINDIADIGITAL S","","5200.00","66823.98","121","1"
"846","S7133293","30/07/2025","","NEFT-UTIBN62025073090926617-GOOGLEINDIADIGITAL S","","1400.00","68223.98","121","1"
"847","S7158322","30/07/2025","","NEFT-UTIBN62025073090980250-GOOGLEINDIADIGITAL S","","1700.00","69923.98","121","1"
"848","S7297640","30/07/2025","","IMPS ChgJun-25+GST","100.30","","69823.68","121","1"
"849","S7310150","30/07/2025","","NEFT-UTIBN62025073091685243-GOOGLEINDIADIGITAL S","","629.00","70452.68","121","1"
"850","S7443741","30/07/2025","","NEFT-UTIBN62025073092228554-GOOGLEINDIADIGITAL S","","10.00","70462.68","121","1"
"851","S7610204","30/07/2025","","NEFT-UTIBN62025073093258515-GOOGLEINDIADIGITAL S","","400.00","70862.68","122","1"
"852","S8196507","31/07/2025","","NEFT-UTIBN62025073101194741-GOOGLEINDIADIGITAL S","","25.00","70887.68","122","1"
"853","S8859780","31/07/2025","","NEFT-UTIBN62025073103679895-GOOGLEINDIADIGITAL S","","1075.00","71962.68","122","1"
"854","S8969242","31/07/2025","","NEFT-UTIBN62025073104193169-GOOGLEINDIADIGITAL S","","10.00","71972.68","122","1"
"855","S8973521","31/07/2025","","NEFT-UTIBN62025073104295701-GOOGLEINDIADIGITAL S","","3000.00","74972.68","122","1"
"856","S8990635","31/07/2025","","NEFT-UTIBN62025073104183706-GOOGLEINDIADIGITAL S","","1630.00","76602.68","122","1"
"857","S8991870","31/07/2025","","NEFT-UTIBN62025073104368066-GOOGLEINDIADIGITAL S","","1075.00","77677.68","122","1"
"858","S8993057","31/07/2025","","NEFT-UTIBN62025073104170031-GOOGLEINDIADIGITAL S","","975.00","78652.68","123","1"
"859","S9006147","31/07/2025","","NEFT-UTIBN62025073104488527-GOOGLEINDIADIGITAL S","","2450.00","81102.68","123","1"
"860","S9648487","01/08/2025","","NEFT-UTIBN62025080113173518-GOOGLEINDIADIGITAL S","","875.00","81977.68","123","1"
"861","S9721227","01/08/2025","","NEFT-UTIBN62025080113569744-GOOGLEINDIADIGITAL S","","335.00","82312.68","123","1"
"862","S9890524","01/08/2025","","NEFT-UTIBN62025080114228920-GOOGLEINDIADIGITAL S","","440.00","82752.68","123","1"
"863","S181086","01/08/2025","","NEFT-UTIBN62025080115691974-GOOGLEINDIADIGITAL S","","2500.00","85252.68","123","1"
"864","S325784","01/08/2025","","NEFT-UTIBN62025080116580092-GOOGLEINDIADIGITAL S","","12.00","85264.68","123","1"
"865","S792227","02/08/2025","","NEFT-UTIBN62025080224088564-GOOGLEINDIADIGITAL S","","25.00","85289.68","124","1"
"866","S831974","02/08/2025","","NEFT-UTIBN62025080224300033-GOOGLEINDIADIGITAL S","","35.00","85324.68","124","1"
"867","S1133342","02/08/2025","","NEFT-UTIBN62025080225678526-GOOGLEINDIADIGITAL S","","7045.00","92369.68","124","1"
"868","S1257503","02/08/2025","","NEFT-UTIBN62025080226325092-GOOGLEINDIADIGITAL S","","1500.00","93869.68","124","1"
"869","S1279019","02/08/2025","","NEFT-UTIBN62025080226354080-GOOGLEINDIADIGITAL S","","2000.00","95869.68","124","1"
"870","S1857208","03/08/2025","","MMT/IMPS/521510118388/paymenttowardsi/CHAMPARANT/H","25663.00","","70206.68","124","1"
"871","S1863283","03/08/2025","","NEFT-UTIBN62025080335067764-GOOGLEINDIADIGITAL S","","2765.00","72971.68","124","1"
"872","S1991871","03/08/2025","","NEFT-UTIBN62025080335933994-GOOGLEINDIADIGITAL S","","1325.00","74296.68","125","1"
"873","S2039825","03/08/2025","","NEFT-UTIBN62025080336216556-GOOGLEINDIADIGITAL S","","1800.00","76096.68","125","1"
"874","S2635292","04/08/2025","","NEFT-UTIBN62025080444535987-GOOGLEINDIADIGITAL S","","50.00","76146.68","125","1"
"875","S2743361","04/08/2025","","NEFT-UTIBN62025080444922367-GOOGLEINDIADIGITAL S","","8500.00","84646.68","125","1"
"876","S2974534","04/08/2025","","NEFT-UTIBN62025080446168407-GOOGLEINDIADIGITAL S","","120.00","84766.68","125","1"
"877","S3107778","04/08/2025","","NEFT-UTIBN62025080446741432-GOOGLEINDIADIGITAL S","","1600.00","86366.68","125","1"
"878","S3616251","05/08/2025","","BIL/BusinessLoanXX05537EMI Tiru","11019.00","","75347.68","125","1"
"879","S3802979","05/08/2025","","NEFT-UTIBN62025080555500837-GOOGLEINDIADIGITAL S","","250.00","75597.68","126","1"
"880","S3854213","05/08/2025","","NEFT-UTIBN62025080555555675-GOOGLEINDIADIGITAL S","","1550.00","77147.68","126","1"
"881","S3858883","05/08/2025","","NEFT-UTIBN62025080555611969-GOOGLEINDIADIGITAL S","","7265.00","84412.68","126","1"
"882","S3913180","05/08/2025","","NEFT-UTIBN62025080555812150-GOOGLEINDIADIGITAL S","","640.00","85052.68","126","1"
"883","S3948068","05/08/2025","","NEFT-UTIBN62025080555857618-GOOGLEINDIADIGITAL S","","1375.00","86427.68","126","1"
"884","S4123007","05/08/2025","","MMT/IMPS/521713719117/advancepaymentt/TYRECENTRE/K","47800.00","","38627.68","126","1"
"885","S4315935","05/08/2025","","NEFT-UTIBN62025080557251550-GOOGLEINDIADIGITAL S","","2330.00","40957.68","126","1"
"886","S4355904","05/08/2025","","NEFT-UTIBN62025080557484257-GOOGLEINDIADIGITAL S","","4750.00","45707.68","127","1"
"887","S4395801","05/08/2025","","NEFT-UTIBN62025080557668989-GOOGLEINDIADIGITAL S","","220.00","45927.68","127","1"
"888","S4431194","05/08/2025","","MMT/IMPS/521718310834/paymenttowardsi/HARIENTERP/B","20000.00","","25927.68","127","1"
"889","S4434297","05/08/2025","","MMT/IMPS/521718747346/ReqPay/tirupatiau/State Bank","","40000.00","65927.68","127","1"
"890","S4436679","05/08/2025","","MMT/IMPS/521718319202/paymenttowardsi/HARIENTERP/B","32136.00","","33791.68","127","1"
"891","S5180734","06/08/2025","","INF/INFT/041165878811/advancepaymentt/TYRECENTRE2","19200.00","","14591.68","127","1"
"892","S5417533","06/08/2025","","NEFT-UTIBN62025080668517510-GOOGLEINDIADIGITAL S","","445.00","15036.68","127","1"
"893","S5463700","06/08/2025","","NEFT-UTIBN62025080668686991-GOOGLEINDIADIGITAL S","","405.00","15441.68","127","1"
"894","S5490269","06/08/2025","","NEFT-UTIBN62025080668773875-GOOGLEINDIADIGITAL S","","1700.00","17141.68","128","1"
"895","S5576427","06/08/2025","","NEFT-UTIBN62025080669393309-GOOGLEINDIADIGITAL S","","80.00","17221.68","128","1"
"896","S5714398","06/08/2025","","MMT/IMPS/521821528802/ReqPay/tirupatiau/State Bank","","15000.00","32221.68","128","1"
"897","S6110518","07/08/2025","","NEFT-UTIBN62025080777627234-GOOGLEINDIADIGITAL S","","3175.00","35396.68","128","1"
"898","S6130945","07/08/2025","","NEFT-UTIBN62025080777707117-GOOGLEINDIADIGITAL S","","1140.00","36536.68","128","1"
"899","S6218091","07/08/2025","","NEFT-UTIBN62025080778124813-GOOGLEINDIADIGITAL S","","1820.00","38356.68","128","1"
"900","S6219150","07/08/2025","","NEFT-UTIBN62025080778137804-GOOGLEINDIADIGITAL S","","1675.00","40031.68","128","1"
"901","S6376912","07/08/2025","","NEFT-UTIBN62025080778826191-GOOGLEINDIADIGITAL S","","2200.00","42231.68","129","1"
"902","S6382868","07/08/2025","","NEFT-UTIBN62025080778875824-GOOGLEINDIADIGITAL S","","300.00","42531.68","129","1"
"903","S6386280","07/08/2025","","NEFT-UTIBN62025080778903607-GOOGLEINDIADIGITAL S","","2800.00","45331.68","129","1"
"904","S6387538","07/08/2025","","INF/INFT/041183291061/advancepaymentt/TYRECENTRE2","11600.00","","33731.68","129","1"
"905","S6505789","07/08/2025","","NEFT-UTIBN62025080779449881-GOOGLEINDIADIGITAL S","","65.00","33796.68","129","1"
"906","S6519551","07/08/2025","","NEFT-UTIBN62025080779613949-GOOGLEINDIADIGITAL S","","2200.00","35996.68","129","1"
"907","S6542161","07/08/2025","","NEFT-UTIBN62025080779689463-GOOGLEINDIADIGITAL S","","100.00","36096.68","129","1"
"908","S6542641","07/08/2025","","INF/INFT/041187255271/advancepaymentt/TYRESALES1","26823.00","","9273.68","130","1"
"909","S6612988","07/08/2025","","MMT/IMPS/521916981817/ReqPay/tirupatiau/State Bank","","17000.00","26273.68","130","1"
"910","S6740852","07/08/2025","","NEFT-UTIBN62025080780871952-GOOGLEINDIADIGITAL S","","5040.00","31313.68","130","1"
"911","S7489641","08/08/2025","","NEFT-UTIBN62025080890433735-GOOGLEINDIADIGITAL S","","2800.00","34113.68","130","1"
"912","S7879088","08/08/2025","","NEFT-UTIBN62025080892326083-GOOGLEINDIADIGITAL S","","1900.00","36013.68","130","1"
"913","S7884404","08/08/2025","","NEFT-UTIBN62025080892386816-GOOGLEINDIADIGITAL S","","1070.00","37083.68","130","1"
"914","S7927084","08/08/2025","","NEFT-UTIBN62025080892662906-GOOGLEINDIADIGITAL S","","11200.00","48283.68","130","1"
"915","S7967185","08/08/2025","","NEFT-UTIBN62025080892902169-GOOGLEINDIADIGITAL S","","3000.00","51283.68","131","1"
"916","S7974040","08/08/2025","","MMT/IMPS/522018842606/transfertoown/TIRUPATIAU/SBI","10000.00","","41283.68","131","1"
"917","S8533522","09/08/2025","","NEFT-UTIBN62025080902327737-GOOGLEINDIADIGITAL S","","860.00","42143.68","131","1"
"918","S8541527","09/08/2025","","MMT/IMPS/522112022152/paymenttowards/TYRECENTRE/K","7000.00","","35143.68","131","1"
"919","S8709788","09/08/2025","","NEFT-UTIBN62025080903274195-GOOGLEINDIADIGITAL S","","1900.00","37043.68","131","1"
"920","S8730119","09/08/2025","","NEFT-UTIBN62025080903413214-GOOGLEINDIADIGITAL S","","50.00","37093.68","131","1"
"921","S8748708","09/08/2025","","NEFT-UTIBN62025080903489507-GOOGLEINDIADIGITAL S","","333.00","37426.68","131","1"
"922","S8765305","09/08/2025","","NEFT-UTIBN62025080903547526-GOOGLEINDIADIGITAL S","","1300.00","38726.68","132","1"
"923","S8765320","09/08/2025","","NEFT-UTIBN62025080903549366-GOOGLEINDIADIGITAL S","","200.00","38926.68","132","1"
"924","S8766819","09/08/2025","","NEFT-UTIBN62025080903653924-GOOGLEINDIADIGITAL S","","1125.00","40051.68","132","1"
"925","S8782600","09/08/2025","","NEFT-UTIBN62025080903798070-GOOGLEINDIADIGITAL S","","675.00","40726.68","132","1"
"926","S9231264","10/08/2025","","NEFT-UTIBN62025081010941908-GOOGLEINDIADIGITAL S","","2800.00","43526.68","132","1"
"927","S9277462","10/08/2025","","NEFT-UTIBN62025081011222251-GOOGLEINDIADIGITAL S","","240.00","43766.68","132","1"
"928","S9277900","10/08/2025","","NEFT-UTIBN62025081011247384-GOOGLEINDIADIGITAL S","","370.00","44136.68","132","1"
"929","S9324395","10/08/2025","","NEFT-UTIBN62025081011530533-GOOGLEINDIADIGITAL S","","225.00","44361.68","133","1"
"930","S9349839","10/08/2025","","NEFT-UTIBN62025081011765036-GOOGLEINDIADIGITAL S","","325.00","44686.68","133","1"
"931","S9361709","10/08/2025","","NEFT-UTIBN62025081011826106-GOOGLEINDIADIGITAL S","","400.00","45086.68","133","1"
"932","S9410461","10/08/2025","","NEFT-UTIBN62025081012169569-GOOGLEINDIADIGITAL S","","1550.00","46636.68","133","1"
"933","S9420882","10/08/2025","","NEFT-UTIBN62025081012200589-GOOGLEINDIADIGITAL S","","145.00","46781.68","133","1"
"934","S9444495","10/08/2025","","NEFT-UTIBN62025081012369829-GOOGLEINDIADIGITAL S","","5000.00","51781.68","133","1"
"935","S9471481","10/08/2025","","NEFT-UTIBN62025081012774109-GOOGLEINDIADIGITAL S","","200.00","51981.68","133","1"
"936","S9987441","11/08/2025","","MMT/IMPS/522308701079/paymenttowardsi/SANGAMMOTO/S","22881.00","","29100.68","134","1"
"937","S101272","11/08/2025","","UPI/522325006269/PGWI012911209L/deut2001030000@/D","","20.00","29120.68","134","1"
"938","S158025","11/08/2025","","NEFT-UTIBN62025081120281472-GOOGLEINDIADIGITAL S","","800.00","29920.68","134","1"
"939","S188109","11/08/2025","","NEFT-UTIBN62025081120466408-GOOGLEINDIADIGITAL S","","650.00","30570.68","134","1"
"940","S212778","11/08/2025","","NEFT-UTIBN62025081120541418-GOOGLEINDIADIGITAL S","","2150.00","32720.68","134","1"
"941","S550943","11/08/2025","","UPI/522325099666/PGWI012918688L/deut2001030000@/D","","60.00","32780.68","134","1"
"942","S564677","11/08/2025","","NEFT-UTIBN62025081122354057-GOOGLEINDIADIGITAL S","","250.00","33030.68","134","1"
"943","S729369","11/08/2025","","NEFT-UTIBN62025081123005628-GOOGLEINDIADIGITAL S","","2000.00","35030.68","135","1"
"944","S1204264","12/08/2025","","NEFT-UTIBN62025081230762951-GOOGLEINDIADIGITAL S","","1000.00","36030.68","135","1"
"945","S1294197","12/08/2025","","UPI/522425024750/PGWI012927447L/deut2001030000@/D","","80.00","36110.68","135","1"
"946","S1333343","12/08/2025","","MMT/IMPS/522411943743/paymenttowardsi/SHREEMAHIN/H","14193.00","","21917.68","135","1"
"947","S1397067","12/08/2025","","NEFT-UTIBN62025081231651363-GOOGLEINDIADIGITAL S","","1375.00","23292.68","135","1"
"948","S1596155","12/08/2025","","NEFT-UTIBN62025081232626073-GOOGLEINDIADIGITAL S","","75.00","23367.68","135","1"
"949","S1605105","12/08/2025","","NEFT-UTIBN62025081232708908-GOOGLEINDIADIGITAL S","","560.00","23927.68","135","1"
"950","S1614265","12/08/2025","","UPI/GULFOILL/msgulf@sc/WS-1754997/StandardC/522","","670.00","24597.68","136","1"
"951","S1648364","12/08/2025","","UPI/522425099788/PGWI012929437L/deut2001030000@/D","","160.00","24757.68","136","1"
"952","S1713238","12/08/2025","","NEFT-UTIBN62025081233169718-GOOGLEINDIADIGITAL S","","300.00","25057.68","136","1"
"953","S1753972","12/08/2025","","NEFT-UTIBN62025081233363361-GOOGLEINDIADIGITAL S","","1250.00","26307.68","136","1"
"954","S1862316","12/08/2025","","NEFT-UTIBN62025081234031318-GOOGLEINDIADIGITAL S","","420.00","26727.68","136","1"
"955","S2014555","13/08/2025","","MMT/IMPS/522501005497/IMPSP2A/CastrolIn/Standard","","90.00","26817.68","136","1"
"956","S2278314","13/08/2025","","NEFT-UTIBN62025081341557781-GOOGLEINDIADIGITAL S","","2635.00","29452.68","136","1"
"957","S2370387","13/08/2025","","NEFT-UTIBN62025081342037556-GOOGLEINDIADIGITAL S","","100.00","29552.68","137","1"
"958","S2440725","13/08/2025","","NEFT-UTIBN62025081342332060-GOOGLEINDIADIGITAL S","","1045.00","30597.68","137","1"
"959","S2532632","13/08/2025","","INF/INFT/041263295281/advancepaymentt/TYRESALES1","13378.00","","17219.68","137","1"
"960","S2631725","13/08/2025","","MMT/IMPS/522516811043/ReqPay/tirupatiau/State Bank","","33000.00","50219.68","137","1"
"961","S2633845","13/08/2025","","MMT/IMPS/522516372041/paymenttowardsi/CHAMPARANT/H","19730.00","","30489.68","137","1"
"962","S3256677","14/08/2025","","NEFT-UTIBN62025081452418901-GOOGLEINDIADIGITAL S","","590.00","31079.68","137","1"
"963","S3443638","14/08/2025","","NEFT-UTIBN62025081453246312-GOOGLEINDIADIGITAL S","","3060.00","34139.68","137","1"
"964","S3596046","14/08/2025","","NEFT-UTIBN62025081454007480-GOOGLEINDIADIGITAL S","","2500.00","36639.68","138","1"
"965","S3627233","14/08/2025","","NEFT-UTIBN62025081454164473-GOOGLEINDIADIGITAL S","","20.00","36659.68","138","1"
"966","S3683475","14/08/2025","","NEFT-UTIBN62025081454461551-GOOGLEINDIADIGITAL S","","2930.00","39589.68","138","1"
"967","S3698114","14/08/2025","","MMT/IMPS/522617350092/transfertoown/TIRUPATIAU/SBI","6500.00","","33089.68","138","1"
"968","S3880267","14/08/2025","","NEFT-UTIBN62025081455542110-GOOGLEINDIADIGITAL S","","50.00","33139.68","138","1"
"969","S4776107","16/08/2025","","NEFT-UTIBN62025081672065828-GOOGLEINDIADIGITAL S","","1425.00","34564.68","138","1"
"970","S4870713","16/08/2025","","MMT/IMPS/522812909980/advancepaymentt/SHREEMAHIN/H","25500.00","","9064.68","138","1"
"971","S4934953","16/08/2025","","NEFT-UTIBN62025081672959752-GOOGLEINDIADIGITAL S","","720.00","9784.68","139","1"
"972","S4959244","16/08/2025","","NEFT-UTIBN62025081673089356-GOOGLEINDIADIGITAL S","","310.00","10094.68","139","1"
"973","S4959415","16/08/2025","","NEFT-UTIBN62025081673130530-GOOGLEINDIADIGITAL S","","20.00","10114.68","139","1"
"974","S4992065","16/08/2025","","NEFT-UTIBN62025081673299898-GOOGLEINDIADIGITAL S","","1972.00","12086.68","139","1"
"975","S5034727","16/08/2025","","MMT/IMPS/522815728753/ReqPay/tirupatiau/State Bank","","32500.00","44586.68","139","1"
"976","S5037188","16/08/2025","","NEFT-UTIBN62025081673503344-GOOGLEINDIADIGITAL S","","1100.00","45686.68","139","1"
"977","S5039433","16/08/2025","","MMT/IMPS/522815274941/paymenttowardsi/RATNAENTER/H","32879.00","","12807.68","139","1"
"978","S5132291","16/08/2025","","NEFT-UTIBN62025081674046768-GOOGLEINDIADIGITAL S","","530.00","13337.68","140","1"
"979","S5149630","16/08/2025","","NEFT-UTIBN62025081674150316-GOOGLEINDIADIGITAL S","","300.00","13637.68","140","1"
"980","S5558063","17/08/2025","","NEFT-UTIBN62025081782618168-GOOGLEINDIADIGITAL S","","220.00","13857.68","140","1"
"981","S5587918","17/08/2025","","NEFT-UTIBN62025081782866208-GOOGLEINDIADIGITAL S","","260.00","14117.68","140","1"
"982","S5609413","17/08/2025","","NEFT-UTIBN62025081783011427-GOOGLEINDIADIGITAL S","","310.00","14427.68","140","1"
"983","S6005541","18/08/2025","","NEFT-UTIBN62025081890341426-GOOGLEINDIADIGITAL S","","6400.00","20827.68","140","1"
"984","S6069915","18/08/2025","","NEFT-UTIBN62025081890615949-GOOGLEINDIADIGITAL S","","150.00","20977.68","140","1"
"985","S6231330","18/08/2025","","NEFT-UTIBN62025081891254195-GOOGLEINDIADIGITAL S","","625.00","21602.68","141","1"
"986","S6942449","19/08/2025","","NEFT-UTIBN62025081900498950-GOOGLEINDIADIGITAL S","","2000.00","23602.68","141","1"
"987","S6942494","19/08/2025","","NEFT-UTIBN62025081900498161-GOOGLEINDIADIGITAL S","","1750.00","25352.68","141","1"
"988","S6942586","19/08/2025","","NEFT-UTIBN62025081900500351-GOOGLEINDIADIGITAL S","","925.00","26277.68","141","1"
"989","S7069246","19/08/2025","","NEFT-UTIBN62025081901120051-GOOGLEINDIADIGITAL S","","1400.00","27677.68","141","1"
"990","S7095237","19/08/2025","","NEFT-UTIBN62025081901159774-GOOGLEINDIADIGITAL S","","1240.00","28917.68","141","1"
"991","S7161986","19/08/2025","","NEFT-UTIBN62025081901468980-GOOGLEINDIADIGITAL S","","1550.00","30467.68","141","1"
"992","S7169832","19/08/2025","","NEFT-UTIBN62025081901594476-GOOGLEINDIADIGITAL S","","1600.00","32067.68","142","1"
"993","S7188708","19/08/2025","","NEFT-UTIBN62025081901610194-GOOGLEINDIADIGITAL S","","40.00","32107.68","142","1"
"994","S7194481","19/08/2025","","NEFT-UTIBN62025081901694664-GOOGLEINDIADIGITAL S","","700.00","32807.68","142","1"
"995","S7291434","19/08/2025","","MMT/IMPS/523116128566/paymenttowardsi/RATNAENTER/H","20000.00","","12807.68","142","1"
"996","S7456977","19/08/2025","","UPI/724062836372/Payment fromPh/8797205889@ybl/St","","10000.00","22807.68","142","1"
"997","S7870618","20/08/2025","","NEFT-UTIBN62025082010573311-GOOGLEINDIADIGITAL S","","1650.00","24457.68","142","1"
"998","S8111476","20/08/2025","","NEFT-UTIBN62025082011517096-GOOGLEINDIADIGITAL S","","450.00","24907.68","142","1"
"999","S8123331","20/08/2025","","NEFT-UTIBN62025082011606850-GOOGLEINDIADIGITAL S","","1387.00","26294.68","143","1"
"1000","S8155000","20/08/2025","","NEFT-UTIBN62025082011764363-GOOGLEINDIADIGITAL S","","900.00","27194.68","143","1"
"1001","S8178620","20/08/2025","","NEFT-UTIBN62025082011885281-GOOGLEINDIADIGITAL S","","50.00","27244.68","143","1"
"1002","S8268439","20/08/2025","","NEFT-UTIBN62025082012384096-GOOGLEINDIADIGITAL S","","735.00","27979.68","143","1"
"1003","S8333726","20/08/2025","","NEFT-UTIBN62025082012604959-GOOGLEINDIADIGITAL S","","30.00","28009.68","143","1"
"1004","S8336661","20/08/2025","","NEFT-UTIBN62025082012639152-GOOGLEINDIADIGITAL S","","300.00","28309.68","143","1"
"1005","S8362339","20/08/2025","","NEFT-UTIBN62025082012749229-GOOGLEINDIADIGITAL S","","1300.00","29609.68","143","1"
"1006","S8768941","21/08/2025","","NEFT-UTIBN62025082121215991-GOOGLEINDIADIGITAL S","","280.00","29889.68","144","1"
"1007","S8796516","21/08/2025","","NEFT-UTIBN62025082121358467-GOOGLEINDIADIGITAL S","","50.00","29939.68","144","1"
"1008","S8804088","21/08/2025","","UPI/523361022711/none/maklubes@icici/ICICIBank LT","","75.00","30014.68","144","1"
"1009","S8848147","21/08/2025","","UPI/523325024991/PGWI012973811L/deut2001030000@/D","","220.00","30234.68","144","1"
"1010","S8905346","21/08/2025","","NEFT-UTIBN62025082121749766-GOOGLEINDIADIGITAL S","","1250.00","31484.68","144","1"
"1011","S8905454","21/08/2025","","NEFT-UTIBN62025082121749773-GOOGLEINDIADIGITAL S","","440.00","31924.68","144","1"
"1012","S8975059","21/08/2025","","NEFT-UTIBN62025082122127513-GOOGLEINDIADIGITAL S","","360.00","32284.68","144","1"
"1013","S9000411","21/08/2025","","UPI/149167497289/Payment fromPh/9955869779@ybl/St","","3000.00","35284.68","145","1"
"1014","S9011206","21/08/2025","","UPI/106325141697/Payment fromPh/9955869779-2@yb/S","","1000.00","36284.68","145","1"
"1015","S9024693","21/08/2025","","MMT/IMPS/523314428912/paymenttowardsi/SUMITRAENT/B","30780.00","","5504.68","145","1"
"1016","S9028302","21/08/2025","","UPI/523325061569/PGWI012974777L/deut2001030000@/D","","60.00","5564.68","145","1"
"1017","S9065791","21/08/2025","","MMT/IMPS/523314695881/ReqPay/tirupatiau/State Bank","","7600.00","13164.68","145","1"
"1018","S9076053","21/08/2025","","NEFT-UTIBN62025082122649144-GOOGLEINDIADIGITAL S","","600.00","13764.68","145","1"
"1019","S9076267","21/08/2025","","NEFT-UTIBN62025082122654721-GOOGLEINDIADIGITAL S","","260.00","14024.68","145","1"
"1020","S9100772","21/08/2025","","NEFT-UTIBN62025082122758394-GOOGLEINDIADIGITAL S","","130.00","14154.68","145","1"
"1021","S9161950","21/08/2025","","NEFT-UTIBN62025082123077106-GOOGLEINDIADIGITAL S","","1050.00","15204.68","146","1"
"1022","S9167717","21/08/2025","","MMT/IMPS/523316757724/ReqPay/tirupatiau/State Bank","","7500.00","22704.68","146","1"
"1023","S9198608","21/08/2025","","NEFT-UTIBN62025082123192646-GOOGLEINDIADIGITAL S","","500.00","23204.68","146","1"
"1024","S9316849","21/08/2025","","NEFT-UTIBN62025082123904021-GOOGLEINDIADIGITAL S","","90.00","23294.68","146","1"
"1025","S9332674","21/08/2025","","NEFT-UTIBN62025082123988346-GOOGLEINDIADIGITAL S","","2500.00","25794.68","146","1"
"1026","S9344121","21/08/2025","","NEFT-UTIBN62025082124071708-GOOGLEINDIADIGITAL S","","675.00","26469.68","146","1"
"1027","S9345288","21/08/2025","","NEFT-UTIBN62025082124080944-GOOGLEINDIADIGITAL S","","210.00","26679.68","146","1"
"1028","S9795786","22/08/2025","","NEFT-UTIBN62025082231937748-GOOGLEINDIADIGITAL S","","2665.00","29344.68","147","1"
"1029","S9920415","22/08/2025","","INF/INFT/041347886131/advancepaymentt/TYRESALES1","26220.00","","3124.68","147","1"
"1030","S174340","22/08/2025","","NEFT-UTIBN62025082233947800-GOOGLEINDIADIGITAL S","","3000.00","6124.68","147","1"
"1031","S508317","23/08/2025","","NEFT-UTIBN62025082345036513-GOOGLEINDIADIGITAL S","","2000.00","8124.68","147","1"
"1032","S508426","23/08/2025","","NEFT-UTIBN62025082345036902-GOOGLEINDIADIGITAL S","","650.00","8774.68","147","1"
"1033","S647473","23/08/2025","","NEFT-UTIBN62025082345959512-GOOGLEINDIADIGITAL S","","1580.00","10354.68","147","1"
"1034","S778977","23/08/2025","","NEFT-UTIBN62025082346699101-GOOGLEINDIADIGITAL S","","2000.00","12354.68","147","1"
"1035","S1124763","24/08/2025","","NEFT-UTIBN62025082454941865-GOOGLEINDIADIGITAL S","","480.00","12834.68","148","1"
"1036","S1146495","24/08/2025","","NEFT-UTIBN62025082455035029-GOOGLEINDIADIGITAL S","","1150.00","13984.68","148","1"
"1037","S1146590","24/08/2025","","NEFT-UTIBN62025082455041167-GOOGLEINDIADIGITAL S","","180.00","14164.68","148","1"
"1038","S1146595","24/08/2025","","NEFT-UTIBN62025082455043407-GOOGLEINDIADIGITAL S","","1680.00","15844.68","148","1"
"1039","S1146687","24/08/2025","","NEFT-UTIBN62025082455051094-GOOGLEINDIADIGITAL S","","860.00","16704.68","148","1"
"1040","S1146972","24/08/2025","","NEFT-UTIBN62025082455060073-GOOGLEINDIADIGITAL S","","330.00","17034.68","148","1"
"1041","S1147168","24/08/2025","","NEFT-UTIBN62025082455069682-GOOGLEINDIADIGITAL S","","80.00","17114.68","148","1"
"1042","S1147551","24/08/2025","","NEFT-UTIBN62025082455105144-GOOGLEINDIADIGITAL S","","5600.00","22714.68","149","1"
"1043","S1147560","24/08/2025","","NEFT-UTIBN62025082455108330-GOOGLEINDIADIGITAL S","","300.00","23014.68","149","1"
"1044","S1195364","24/08/2025","","NEFT-UTIBN62025082455506516-GOOGLEINDIADIGITAL S","","1500.00","24514.68","149","1"
"1045","S1298333","24/08/2025","","NEFT-UTIBN62025082456270413-GOOGLEINDIADIGITAL S","","50.00","24564.68","149","1"
"1046","S1298828","24/08/2025","","NEFT-UTIBN62025082456312606-GOOGLEINDIADIGITAL S","","500.00","25064.68","149","1"
"1047","S1310953","24/08/2025","","NEFT-UTIBN62025082456421843-GOOGLEINDIADIGITAL S","","210.00","25274.68","149","1"
"1048","S1701360","25/08/2025","","NEFT-UTIBN62025082563987631-GOOGLEINDIADIGITAL S","","250.00","25524.68","149","1"
"1049","S1743077","25/08/2025","","NEFT-UTIBN62025082564214111-GOOGLEINDIADIGITAL S","","260.00","25784.68","150","1"
"1050","S1822581","25/08/2025","","NEFT-UTIBN62025082564620939-GOOGLEINDIADIGITAL S","","935.00","26719.68","150","1"
"1051","S1824457","25/08/2025","","NEFT-UTIBN62025082564638260-GOOGLEINDIADIGITAL S","","1500.00","28219.68","150","1"
"1052","S1852388","25/08/2025","","NEFT-UTIBN62025082564758127-GOOGLEINDIADIGITAL S","","2800.00","31019.68","150","1"
"1053","S1911217","25/08/2025","","CAODONLINEPROCESSING FEES","1300.00","","29719.68","150","1"
"1054","S1911217","25/08/2025","","SGST202508256321287232","117.00","","29602.68","150","1"
"1055","S1911217","25/08/2025","","CGST202508256321287236","117.00","","29485.68","150","1"
"1056","S1911392","25/08/2025","","Ac xfr fromgl 05051 to05066","29485.68","","0.00","150","1"
"1057","S1911392","25/08/2025","","Ac xfr fromgl 05051 to05066","","29485.68","29485.68","150","1"
"1058","S1949286","25/08/2025","","NEFT-UTIBN62025082565052330-GOOGLEINDIADIGITAL S","","200.00","29685.68","151","1"
"1059","S2132404","25/08/2025","","MMT/IMPS/523715595714/ReqPay/tirupatiau/State Bank","","20000.00","49685.68","151","1"
"1060","S2135193","25/08/2025","","MMT/IMPS/523715596407/ReqPay/tirupatiau/State Bank","","12000.00","61685.68","151","1"
"1061","S2155561","25/08/2025","","MMT/IMPS/523715651587/paymenttowardsi/GOELENTERP/I","27619.00","","34066.68","151","1"
"1062","S2210618","25/08/2025","","MMT/IMPS/523716758331/paymenttowardsi/VKENTERPRI/H","35000.00","","-933.32","151","1"
"1063","S2290434","25/08/2025","","INF/INFT/041374569751/paymenttowardsi/TYRESALES1","21074.00","","-22007.32","151","1"
"1064","S2316459","25/08/2025","","NEFT-UTIBN62025082566778961-GOOGLEINDIADIGITAL S","","1550.00","-20457.32","151","1"
"1065","S2320472","25/08/2025","","NEFT-UTIBN62025082566827259-GOOGLEINDIADIGITAL S","","220.00","-20237.32","151","1"
"1066","S2548599","26/08/2025","","MMT/IMPS/523801005371/IMPSP2A/CastrolIn/Standard","","45.00","-20192.32","152","1"
"1067","S2803890","26/08/2025","","NEFT-UTIBN62025082675265781-GOOGLEINDIADIGITAL S","","150.00","-20042.32","152","1"
"1068","S2844291","26/08/2025","","NEFT-UTIBN62025082675414604-GOOGLEINDIADIGITAL S","","150.00","-19892.32","152","1"
"1069","S2844253","26/08/2025","","NEFT-UTIBN62025082675415736-GOOGLEINDIADIGITAL S","","300.00","-19592.32","152","1"
"1070","S2848728","26/08/2025","","NEFT-UTIBN62025082675484483-GOOGLEINDIADIGITAL S","","700.00","-18892.32","152","1"
"1071","S2876410","26/08/2025","","NEFT-UTIBN62025082675547512-GOOGLEINDIADIGITAL S","","1460.00","-17432.32","152","1"
"1072","S2953162","26/08/2025","","NEFT-UTIBN62025082675925788-GOOGLEINDIADIGITAL S","","800.00","-16632.32","152","1"
"1073","S3084861","26/08/2025","","NEFT-UTIBN62025082676505342-GOOGLEINDIADIGITAL S","","1270.00","-15362.32","153","1"
"1074","S3106367","26/08/2025","","UPI/523825077093/PGWI013000117L/deut2001030000@/D","","120.00","-15242.32","153","1"
"1075","S3717255","27/08/2025","","NEFT-UTIBN62025082785719732-GOOGLEINDIADIGITAL S","","1500.00","-13742.32","153","1"
"1076","S3765553","27/08/2025","","NEFT-UTIBN62025082786060618-GOOGLEINDIADIGITAL S","","150.00","-13592.32","153","1"
"1077","S3766048","27/08/2025","","NEFT-UTIBN62025082786073842-GOOGLEINDIADIGITAL S","","250.00","-13342.32","153","1"
"1078","S3825167","27/08/2025","","NEFT-UTIBN62025082786408234-GOOGLEINDIADIGITAL S","","280.00","-13062.32","153","1"
"1079","S3893252","27/08/2025","","UPI/523925070064/PGWI013005077L/deut2001030000@/D","","300.00","-12762.32","153","1"
"1080","S3948091","27/08/2025","","NEFT-UTIBN62025082786651718-GOOGLEINDIADIGITAL S","","3000.00","-9762.32","154","1"
"1081","S4438654","28/08/2025","","MMT/IMPS/524008908311/ReqPay/tirupatiau/State Bank","","20000.00","10237.68","154","1"
"1082","S4535532","28/08/2025","","NEFT-UTIBN62025082895512739-GOOGLEINDIADIGITAL S","","1550.00","11787.68","154","1"
"1083","S4657484","28/08/2025","","NEFT-UTIBN62025082896068028-GOOGLEINDIADIGITAL S","","510.00","12297.68","154","1"
"1084","S4657957","28/08/2025","","NEFT-UTIBN62025082896076821-GOOGLEINDIADIGITAL S","","15.00","12312.68","154","1"
"1085","S4684100","28/08/2025","","NEFT-UTIBN62025082896203009-GOOGLEINDIADIGITAL S","","2000.00","14312.68","154","1"
"1086","S4684197","28/08/2025","","NEFT-UTIBN62025082896206228-GOOGLEINDIADIGITAL S","","1000.00","15312.68","154","1"
"1087","S4729232","28/08/2025","","INF/INFT/041400229811/paymenttowardsi/TYRESALES1","17783.00","","-2470.32","155","1"
"1088","S4947212","28/08/2025","","COMPPAIDUTIBN62025082786651718","","0.62","-2469.70","155","1"
"1089","S5893389","29/08/2025","","NEFT-UTIBN62025082906854611-GOOGLEINDIADIGITAL S","","220.00","-2249.70","155","1"
"1090","S5964213","29/08/2025","","UPI/524125065888/PGWI013014384L/deut2001030000@/D","","60.00","-2189.70","155","1"
"1091","S6020267","29/08/2025","","NEFT-UTIBN62025082907402550-GOOGLEINDIADIGITAL S","","2000.00","-189.70","155","1"
"1092","S6063256","29/08/2025","","NEFT-UTIBN62025082907564982-GOOGLEINDIADIGITAL S","","150.00","-39.70","155","1"
"1093","S6068571","29/08/2025","","NEFT-UTIBN62025082907600989-GOOGLEINDIADIGITAL S","","35.00","-4.70","155","1"
"1094","S6143421","29/08/2025","","NEFT-UTIBN62025082907816068-GOOGLEINDIADIGITAL S","","1500.00","1495.30","156","1"
"1095","S6242629","29/08/2025","","NEFT-UTIBN62025082908267024-GOOGLEINDIADIGITAL S","","3000.00","4495.30","156","1"
"1096","S6831342","30/08/2025","","NEFT-UTIBN62025083016913634-GOOGLEINDIADIGITAL S","","65.00","4560.30","156","1"
"1097","S6962091","30/08/2025","","MMT/IMPS/524212841081/paymenttowardsi/VKENTERPRI/H","38972.00","","-34411.70","156","1"
"1098","S6968479","30/08/2025","","MMT/IMPS/524212850798/paymenttowardsi/KRISHNAAUT/S","31630.00","","-66041.70","156","1"
"1099","S7026677","30/08/2025","","NEFT-UTIBN62025083017759342-GOOGLEINDIADIGITAL S","","270.00","-65771.70","156","1"
"1100","S7067315","30/08/2025","","NEFT-UTIBN62025083018150302-GOOGLEINDIADIGITAL S","","1480.00","-64291.70","156","1"
"1101","S7115961","30/08/2025","","INF/INFT/041423596141/paymenttowardsi/SOMNATHENTER","25487.00","","-89778.70","157","1"
"1102","S7219982","30/08/2025","","NEFT-UTIBN62025083018774961-GOOGLEINDIADIGITAL S","","1455.00","-88323.70","157","1"
"1103","S7254961","30/08/2025","","NEFT-UTIBN62025083018994867-GOOGLEINDIADIGITAL S","","240.00","-88083.70","157","1"
"1104","S7413768","30/08/2025","","NEFT-UTIBN62025083019954817-GOOGLEINDIADIGITAL S","","2000.00","-86083.70","157","1"
"1105","S7635753","31/08/2025","","MMT/IMPS/524307633509/ReqPay/tirupatiau/State Bank","","15000.00","-71083.70","157","1"
"1106","S7728566","31/08/2025","","NEFT-UTIBN62025083127659111-GOOGLEINDIADIGITAL S","","238.00","-70845.70","157","1"
"1107","S7760284","31/08/2025","","NEFT-UTIBN62025083127869944-GOOGLEINDIADIGITAL S","","65.00","-70780.70","157","1"
"1108","S7806349","31/08/2025","","NEFT-UTIBN62025083128197423-GOOGLEINDIADIGITAL S","","246.00","-70534.70","158","1"
"1109","S7803638","31/08/2025","","UPI/524325023905/PGWI013023168L/deut2001030000@/D","","140.00","-70394.70","158","1"
"1110","S7835682","31/08/2025","","NEFT-UTIBN62025083128382353-GOOGLEINDIADIGITAL S","","90.00","-70304.70","158","1"
"1111","S7862588","31/08/2025","","NEFT-UTIBN62025083128523295-GOOGLEINDIADIGITAL S","","82.00","-70222.70","158","1"
"1112","S7930171","31/08/2025","","NEFT-UTIBN62025083128923037-GOOGLEINDIADIGITAL S","","1710.00","-68512.70","158","1"
"1113","S7945652","31/08/2025","","NEFT-UTIBN62025083129078246-GOOGLEINDIADIGITAL S","","950.00","-67562.70","158","1"
"1114","S8483501","01/09/2025","","NEFT-UTIBN62025090137610186-GOOGLEINDIADIGITAL S","","4000.00","-63562.70","158","1"
"1115","S8564932","01/09/2025","","NEFT-UTIBN62025090137981244-GOOGLEINDIADIGITAL S","","350.00","-63212.70","159","1"
"1116","S8669331","01/09/2025","","UPI/524425071335/PGWI013027870L/deut2001030000@/D","","60.00","-63152.70","159","1"
"1117","S8723754","01/09/2025","","NEFT-UTIBN62025090138670978-GOOGLEINDIADIGITAL S","","1775.00","-61377.70","159","1"
"1118","S8915583","01/09/2025","","MMT/IMPS/524415869919/paymenttowardsi/GOELENTERP/I","20000.00","","-81377.70","159","1"
"1119","S8916450","01/09/2025","","MMT/IMPS/524416871691/paymenttowardsi/KRISHNAAUT/S","20000.00","","-101377.70","159","1"
"1120","S8919941","01/09/2025","","NEFT-UTIBN62025090139735572-GOOGLEINDIADIGITAL S","","2675.00","-98702.70","159","1"
"1121","S8920526","01/09/2025","","NEFT-UTIBN62025090139742009-GOOGLEINDIADIGITAL S","","350.00","-98352.70","159","1"
"1122","S9005108","01/09/2025","","NEFT-UTIBN62025090140128037-GOOGLEINDIADIGITAL S","","950.00","-97402.70","160","1"
"1123","S9027856","01/09/2025","","MMT/IMPS/524417623129/ReqPay/tirupatiau/State Bank","","10000.00","-87402.70","160","1"
"1124","S9086530","01/09/2025","","NEFT-UTIBN62025090140700771-GOOGLEINDIADIGITAL S","","500.00","-86902.70","160","1"
"1125","S9535545","02/09/2025","","133705004214:Int.Coll:02-08-2025to 01-09-2025","110.00","","-87012.70","160","1"
"1126","S9779047","02/09/2025","","NEFT-UTIBN62025090248880479-GOOGLEINDIADIGITAL S","","750.00","-86262.70","160","1"
"1127","S9850656","02/09/2025","","NEFT-UTIBN62025090249184258-GOOGLEINDIADIGITAL S","","200.00","-86062.70","160","1"
"1128","S9891789","02/09/2025","","NEFT-UTIBN62025090249368445-GOOGLEINDIADIGITAL S","","25.00","-86037.70","160","1"
"1129","S156675","02/09/2025","","NEFT-UTIBN62025090250721915-GOOGLEINDIADIGITAL S","","75.00","-85962.70","161","1"
"1130","S307196","02/09/2025","","UPI/524530897088/none/maklubes@icici/ICICIBank LT","","30.00","-85932.70","161","1"
"1131","S357023","02/09/2025","","NEFT-UTIBN62025090251715921-GOOGLEINDIADIGITAL S","","800.00","-85132.70","161","1"
"1132","S967635","03/09/2025","","NEFT-UTIBN62025090359663266-GOOGLEINDIADIGITAL S","","800.00","-84332.70","161","1"
"1133","S1043767","03/09/2025","","NEFT-UTIBN62025090359957951-GOOGLEINDIADIGITAL S","","1160.00","-83172.70","161","1"
"1134","S1266551","03/09/2025","","NEFT-UTIBN62025090361176275-GOOGLEINDIADIGITAL S","","1775.00","-81397.70","161","1"
"1135","S1494425","03/09/2025","","NEFT-UTIBN62025090362424217-GOOGLEINDIADIGITAL S","","850.00","-80547.70","161","1"
"1136","S1541822","03/09/2025","","NEFT-UTIBN62025090362775939-GOOGLEINDIADIGITAL S","","1373.00","-79174.70","162","1"
"1137","S1998696","04/09/2025","","NEFT-UTIBN62025090470526855-GOOGLEINDIADIGITAL S","","7000.00","-72174.70","162","1"
"1138","S2134110","04/09/2025","","NEFT-UTIBN62025090471109579-GOOGLEINDIADIGITAL S","","800.00","-71374.70","162","1"
"1139","S2464982","04/09/2025","","NEFT-UTIBN62025090472823778-GOOGLEINDIADIGITAL S","","2000.00","-69374.70","162","1"
"1140","S2507914","04/09/2025","","NEFT-UTIBN62025090473143863-GOOGLEINDIADIGITAL S","","3800.00","-65574.70","162","1"
"1141","S2481886","04/09/2025","","UPI/524725103712/PGWI013047230L/deut2001030000@/D","","120.00","-65454.70","162","1"
"1142","S2528157","04/09/2025","","NEFT-UTIBN62025090473245670-GOOGLEINDIADIGITAL S","","320.00","-65134.70","162","1"
"1143","S2528293","04/09/2025","","NEFT-UTIBN62025090473246616-GOOGLEINDIADIGITAL S","","1550.00","-63584.70","163","1"
"1144","S2532254","04/09/2025","","NEFT-UTIBN62025090473308889-GOOGLEINDIADIGITAL S","","100.00","-63484.70","163","1"
"1145","S2532845","04/09/2025","","NEFT-UTIBN62025090473314495-GOOGLEINDIADIGITAL S","","25.00","-63459.70","163","1"
"1146","S2572985","04/09/2025","","NEFT-UTIBN62025090473598055-GOOGLEINDIADIGITAL S","","30.00","-63429.70","163","1"
"1147","S2647286","04/09/2025","","NEFT-UTIBN62025090474114928-GOOGLEINDIADIGITAL S","","400.00","-63029.70","163","1"
"1148","S3123991","05/09/2025","","BIL/PersonalLoanXX05537EMI Tiru","11019.00","","-74048.70","163","1"
"1149","S3228194","05/09/2025","","NEFT-UTIBN62025090581475122-GOOGLEINDIADIGITAL S","","2985.00","-71063.70","163","1"
"1150","S3420763","05/09/2025","","NEFT-UTIBN62025090581700243-GOOGLEINDIADIGITAL S","","120.00","-70943.70","164","1"
"1151","S3581137","05/09/2025","","NEFT-UTIBN62025090582275135-GOOGLEINDIADIGITAL S","","375.00","-70568.70","164","1"
"1152","S3585703","05/09/2025","","NEFT-UTIBN62025090582339738-GOOGLEINDIADIGITAL S","","30.00","-70538.70","164","1"
"1153","S3633258","05/09/2025","","NEFT-UTIBN62025090582697721-GOOGLEINDIADIGITAL S","","875.00","-69663.70","164","1"
"1154","S3643204","05/09/2025","","INF/INFT/041493166591/paymenttowardsi/TYRESALES1","24312.00","","-93975.70","164","1"
"1155","S3758197","05/09/2025","","NEFT-UTIBN62025090583301250-GOOGLEINDIADIGITAL S","","3000.00","-90975.70","164","1"
"1156","S3822615","05/09/2025","","NEFT-UTIBN62025090583547805-GOOGLEINDIADIGITAL S","","1800.00","-89175.70","164","1"
"1157","S3850159","05/09/2025","","NEFT-UTIBN62025090583677883-GOOGLEINDIADIGITAL S","","170.00","-89005.70","165","1"
"1158","S3858950","05/09/2025","","NEFT-UTIBN62025090583812066-GOOGLEINDIADIGITAL S","","3000.00","-86005.70","165","1"
"1159","S4431127","06/09/2025","","NEFT-UTIBN62025090692365948-GOOGLEINDIADIGITAL S","","950.00","-85055.70","165","1"
"1160","S4590772","06/09/2025","","NEFT-UTIBN62025090693309176-GOOGLEINDIADIGITAL S","","950.00","-84105.70","165","1"
"1161","S4652526","06/09/2025","","NEFT-UTIBN62025090693641328-GOOGLEINDIADIGITAL S","","240.00","-83865.70","165","1"
"1162","S4680720","06/09/2025","","NEFT-UTIBN62025090693817393-GOOGLEINDIADIGITAL S","","124.00","-83741.70","165","1"
"1163","S4690780","06/09/2025","","MMT/IMPS/524916805610/ReqPay/tirupatiau/State Bank","","21000.00","-62741.70","165","1"
"1164","S4691567","06/09/2025","","MMT/IMPS/524916806135/ReqPay/tirupatiau/State Bank","","14003.00","-48738.70","166","1"
"1165","S4692532","06/09/2025","","MMT/IMPS/524916241437/paymenttowardsi/RATNAENTER/H","50000.00","","-98738.70","166","1"
"1166","S4718288","06/09/2025","","NEFT-UTIBN62025090694109367-GOOGLEINDIADIGITAL S","","425.00","-98313.70","166","1"
"1167","S4746899","06/09/2025","","NEFT-UTIBN62025090694189183-GOOGLEINDIADIGITAL S","","2000.00","-96313.70","166","1"
"1168","S4844704","06/09/2025","","NEFT-UTIBN62025090694970391-GOOGLEINDIADIGITAL S","","1475.00","-94838.70","166","1"
"1169","S5362290","07/09/2025","","NEFT-UTIBN62025090703477351-GOOGLEINDIADIGITAL S","","1660.00","-93178.70","166","1"
"1170","S5403890","07/09/2025","","NEFT-UTIBN62025090703693345-GOOGLEINDIADIGITAL S","","1375.00","-91803.70","166","1"
"1171","S6048418","08/09/2025","","NEFT-UTIBN62025090812549304-GOOGLEINDIADIGITAL S","","5500.00","-86303.70","167","1"
"1172","S6050707","08/09/2025","","NEFT-UTIBN62025090812589903-GOOGLEINDIADIGITAL S","","120.00","-86183.70","167","1"
"1173","S6053785","08/09/2025","","NEFT-UTIBN62025090812674461-GOOGLEINDIADIGITAL S","","280.00","-85903.70","167","1"
"1174","S6053894","08/09/2025","","NEFT-UTIBN62025090812675919-GOOGLEINDIADIGITAL S","","750.00","-85153.70","167","1"
"1175","S6073991","08/09/2025","","MMT/IMPS/525112700833/paymenttowardsi/CHAMPARANT/H","34435.00","","-119588.70","167","1"
"1176","S6344125","08/09/2025","","NEFT-UTIBN62025090813979123-GOOGLEINDIADIGITAL S","","2205.00","-117383.70","167","1"
"1177","S6353803","08/09/2025","","NEFT-UTIBN62025090814078225-GOOGLEINDIADIGITAL S","","525.00","-116858.70","167","1"
"1178","S6370124","08/09/2025","","MMT/IMPS/525117869578/ReqPay/tirupatiau/State Bank","","8600.00","-108258.70","168","1"
"1179","S6378409","08/09/2025","","NEFT-UTIBN62025090814244043-GOOGLEINDIADIGITAL S","","1200.00","-107058.70","168","1"
"1180","S6950135","09/09/2025","","INF/INFT/041539947911/paymentstowards/TYRECENTRE2","14000.00","","-121058.70","168","1"
"1181","S7078276","09/09/2025","","NEFT-UTIBN62025090923687437-GOOGLEINDIADIGITAL S","","2000.00","-119058.70","168","1"
"1182","S7078663","09/09/2025","","NEFT-UTIBN62025090923690201-GOOGLEINDIADIGITAL S","","2000.00","-117058.70","168","1"
"1183","S7078917","09/09/2025","","NEFT-UTIBN62025090923694385-GOOGLEINDIADIGITAL S","","500.00","-116558.70","168","1"
"1184","S7089774","09/09/2025","","NEFT-UTIBN62025090923738658-GOOGLEINDIADIGITAL S","","475.00","-116083.70","168","1"
"1185","S7136255","09/09/2025","","NEFT-UTIBN62025090923874872-GOOGLEINDIADIGITAL S","","90.00","-115993.70","169","1"
"1186","S7505587","09/09/2025","","NEFT-UTIBN62025090925690010-GOOGLEINDIADIGITAL S","","2000.00","-113993.70","169","1"
"1187","S8420038","10/09/2025","","NEFT-UTIBN62025091035189009-GOOGLEINDIADIGITAL S","","200.00","-113793.70","169","1"
"1188","S8649323","10/09/2025","","NEFT-UTIBN62025091036396015-GOOGLEINDIADIGITAL S","","3025.00","-110768.70","169","1"
"1189","S8713537","10/09/2025","","NEFT-UTIBN62025091036788181-GOOGLEINDIADIGITAL S","","10.00","-110758.70","169","1"
"1190","S8934263","10/09/2025","","NEFT-UTIBN62025091038175855-GOOGLEINDIADIGITAL S","","1750.00","-109008.70","169","1"
"1191","S8934263","10/09/2025","","NEFT-UTIBN62025091038178821-GOOGLEINDIADIGITAL S","","500.00","-108508.70","169","1"
"1192","S9474663","11/09/2025","","NEFT-UTIBN62025091146955896-GOOGLEINDIADIGITAL S","","50.00","-108458.70","170","1"
"1193","S9579844","11/09/2025","","NEFT-UTIBN62025091147521170-GOOGLEINDIADIGITAL S","","40.00","-108418.70","170","1"
"1194","S9667152","11/09/2025","","NEFT-UTIBN62025091148087998-GOOGLEINDIADIGITAL S","","1060.00","-107358.70","170","1"
"1195","S9667179","11/09/2025","","NEFT-UTIBN62025091148092812-GOOGLEINDIADIGITAL S","","20.00","-107338.70","170","1"
"1196","S9941780","11/09/2025","","NEFT-UTIBN62025091149643056-GOOGLEINDIADIGITAL S","","1000.00","-106338.70","170","1"
"1197","S440552","12/09/2025","","NEFT-UTIBN62025091257831393-GOOGLEINDIADIGITAL S","","290.00","-106048.70","170","1"
"1198","S451906","12/09/2025","","UPI/GULFOILL/msgulf@sc/WS-1757651/StandardC/525","","210.00","-105838.70","170","1"
"1199","S732612","12/09/2025","","NEFT-UTIBN62025091259236025-GOOGLEINDIADIGITAL S","","190.00","-105648.70","171","1"
"1200","S736239","12/09/2025","","NEFT-UTIBN62025091259411800-GOOGLEINDIADIGITAL S","","300.00","-105348.70","171","1"
"1201","S769383","12/09/2025","","NEFT-UTIBN62025091259887335-GOOGLEINDIADIGITAL S","","2000.00","-103348.70","171","1"
"1202","S769663","12/09/2025","","NEFT-UTIBN62025091259892293-GOOGLEINDIADIGITAL S","","175.00","-103173.70","171","1"
"1203","S823276","12/09/2025","","NEFT-UTIBN62025091260201648-GOOGLEINDIADIGITAL S","","1500.00","-101673.70","171","1"
"1204","S902882","12/09/2025","","NEFT-UTIBN62025091260686538-GOOGLEINDIADIGITAL S","","6610.00","-95063.70","171","1"
"1205","S933484","12/09/2025","","NEFT-UTIBN62025091260859517-GOOGLEINDIADIGITAL S","","1450.00","-93613.70","171","1"
"1206","S1474319","13/09/2025","","NEFT-UTIBN62025091373481870-GOOGLEINDIADIGITAL S","","725.00","-92888.70","172","1"
"1207","S1527816","13/09/2025","","NEFT-UTIBN62025091373829493-GOOGLEINDIADIGITAL S","","280.00","-92608.70","172","1"
"1208","S1567212","13/09/2025","","NEFT-UTIBN62025091374039562-GOOGLEINDIADIGITAL S","","1520.00","-91088.70","172","1"
"1209","S1600430","13/09/2025","","MMT/IMPS/525616655643/ReqPay/tirupatiau/State Bank","","35400.00","-55688.70","172","1"
"1210","S2155442","14/09/2025","","NEFT-UTIBN62025091484472359-GOOGLEINDIADIGITAL S","","116.00","-55572.70","172","1"
"1211","S2155446","14/09/2025","","NEFT-UTIBN62025091484471313-GOOGLEINDIADIGITAL S","","1484.00","-54088.70","172","1"
"1212","S2187582","14/09/2025","","MMT/IMPS/525717390118/d789SXSGDtMB7ON7/SAVITAOIL","","160.00","-53928.70","172","1"
"1213","S2242240","14/09/2025","","NEFT-UTIBN62025091485286506-GOOGLEINDIADIGITAL S","","3750.00","-50178.70","173","1"
"1214","S2666179","15/09/2025","","NEFT-UTIBN62025091592623347-GOOGLEINDIADIGITAL S","","1670.00","-48508.70","173","1"
"1215","S2669988","15/09/2025","","MMT/IMPS/525809298385/paymenttowardsi/RATNAENTER/H","40000.00","","-88508.70","173","1"
"1216","S2672329","15/09/2025","","MMT/IMPS/525809306220/paymenttowardsi/SANGAMMOTO/S","26380.00","","-114888.70","173","1"
"1217","S2672618","15/09/2025","","MMT/IMPS/525809307623/paymenttowardsi/SANGAMMOTO/S","6570.00","","-121458.70","173","1"
"1218","S2781973","15/09/2025","","NEFT-UTIBN62025091593111337-GOOGLEINDIADIGITAL S","","200.00","-121258.70","173","1"
"1219","S2821611","15/09/2025","","NEFT-UTIBN62025091593308924-GOOGLEINDIADIGITAL S","","200.00","-121058.70","173","1"
"1220","S2930643","15/09/2025","","UPI/525825073160/PGWI013102201L/deut2001030000@/D","","180.00","-120878.70","174","1"
"1221","S2964120","15/09/2025","","NEFT-UTIBN62025091593837927-GOOGLEINDIADIGITAL S","","200.00","-120678.70","174","1"
"1222","S2998991","15/09/2025","","NEFT-UTIBN62025091594127780-GOOGLEINDIADIGITAL S","","300.00","-120378.70","174","1"
"1223","S3000580","15/09/2025","","NEFT-UTIBN62025091594160039-GOOGLEINDIADIGITAL S","","640.00","-119738.70","174","1"
"1224","S3087400","15/09/2025","","NEFT-UTIBN62025091594555203-GOOGLEINDIADIGITAL S","","700.00","-119038.70","174","1"
"1225","S3139763","15/09/2025","","MMT/IMPS/525816585064/ReqPay/tirupatiau/State Bank","","11000.00","-108038.70","174","1"
"1226","S3173586","15/09/2025","","NEFT-UTIBN62025091595117829-GOOGLEINDIADIGITAL S","","1500.00","-106538.70","174","1"
"1227","S3202984","15/09/2025","","NEFT-UTIBN62025091595203947-GOOGLEINDIADIGITAL S","","3000.00","-103538.70","175","1"
"1228","S3210053","15/09/2025","","NEFT-UTIBN62025091595446024-GOOGLEINDIADIGITAL S","","360.00","-103178.70","175","1"
"1229","S3314630","15/09/2025","","NEFT-UTIBN62025091596234903-GOOGLEINDIADIGITAL S","","370.00","-102808.70","175","1"
"1230","S3735994","16/09/2025","","NEFT-UTIBN62025091604338635-GOOGLEINDIADIGITAL S","","75.00","-102733.70","175","1"
"1231","S3818601","16/09/2025","","NEFT-UTIBN62025091604851999-GOOGLEINDIADIGITAL S","","4700.00","-98033.70","175","1"
"1232","S3833884","16/09/2025","","MMT/IMPS/525911030594/paymenttowardsi/valvoline/HD","11500.00","","-109533.70","175","1"
"1233","S4023621","16/09/2025","","NEFT-UTIBN62025091606053331-GOOGLEINDIADIGITAL S","","130.00","-109403.70","175","1"
"1234","S4046900","16/09/2025","","NEFT-UTIBN62025091606150127-GOOGLEINDIADIGITAL S","","1825.00","-107578.70","176","1"
"1235","S4051377","16/09/2025","","NEFT-UTIBN62025091606208721-GOOGLEINDIADIGITAL S","","33.00","-107545.70","176","1"
"1236","S4107219","16/09/2025","","NEFT-UTIBN62025091606510839-GOOGLEINDIADIGITAL S","","390.00","-107155.70","176","1"
"1237","S4155152","16/09/2025","","NEFT-UTIBN62025091606776017-GOOGLEINDIADIGITAL S","","1140.00","-106015.70","176","1"
"1238","S4210389","16/09/2025","","NEFT-UTIBN62025091607204789-GOOGLEINDIADIGITAL S","","320.00","-105695.70","176","1"
"1239","S4231130","16/09/2025","","NEFT-UTIBN62025091607260012-GOOGLEINDIADIGITAL S","","65.00","-105630.70","176","1"
"1240","S4806181","17/09/2025","","IMPS ChgJul-25+GST","70.80","","-105701.50","176","1"
"1241","S4819087","17/09/2025","","NEFT-UTIBN62025091716134274-GOOGLEINDIADIGITAL S","","500.00","-105201.50","177","1"
"1242","S4823802","17/09/2025","","MMT/IMPS/526012990656/ReqPay/tirupatiau/State Bank","","25000.00","-80201.50","177","1"
"1243","S4907954","17/09/2025","","NEFT-UTIBN62025091716716514-GOOGLEINDIADIGITAL S","","5690.00","-74511.50","177","1"
"1244","S5016300","17/09/2025","","NEFT-UTIBN62025091717513329-GOOGLEINDIADIGITAL S","","300.00","-74211.50","177","1"
"1245","S5181108","17/09/2025","","NEFT-UTIBN62025091718446113-GOOGLEINDIADIGITAL S","","500.00","-73711.50","177","1"
"1246","S5591856","18/09/2025","","NEFT-UTIBN62025091826684230-GOOGLEINDIADIGITAL S","","1400.00","-72311.50","177","1"
"1247","S5633154","18/09/2025","","NEFT-UTIBN62025091826918923-GOOGLEINDIADIGITAL S","","700.00","-71611.50","177","1"
"1248","S5745182","18/09/2025","","NEFT-UTIBN62025091827417398-GOOGLEINDIADIGITAL S","","550.00","-71061.50","178","1"
"1249","S5759782","18/09/2025","","NEFT-UTIBN62025091827574819-GOOGLEINDIADIGITAL S","","300.00","-70761.50","178","1"
"1250","S5797753","18/09/2025","","NEFT-UTIBN62025091827613139-GOOGLEINDIADIGITAL S","","260.00","-70501.50","178","1"
"1251","S5828566","18/09/2025","","NEFT-UTIBN62025091827856204-GOOGLEINDIADIGITAL S","","1140.00","-69361.50","178","1"
"1252","S5877215","18/09/2025","","NEFT-UTIBN62025091828108841-GOOGLEINDIADIGITAL S","","2500.00","-66861.50","178","1"
"1253","S6082905","18/09/2025","","NEFT-UTIBN62025091829252269-GOOGLEINDIADIGITAL S","","50.00","-66811.50","178","1"
"1254","S6456727","19/09/2025","","NEFT-UTIBN62025091937423023-GOOGLEINDIADIGITAL S","","400.00","-66411.50","178","1"
"1255","S6457169","19/09/2025","","NEFT-UTIBN62025091937427870-GOOGLEINDIADIGITAL S","","20.00","-66391.50","179","1"
"1256","S6493314","19/09/2025","","NEFT-UTIBN62025091937674516-GOOGLEINDIADIGITAL S","","2425.00","-63966.50","179","1"
"1257","S6509866","19/09/2025","","NEFT-UTIBN62025091937786545-GOOGLEINDIADIGITAL S","","1640.00","-62326.50","179","1"
"1258","S6559087","19/09/2025","","NEFT-UTIBN62025091938038752-GOOGLEINDIADIGITAL S","","450.00","-61876.50","179","1"
"1259","S6777080","19/09/2025","","NEFT-UTIBN62025091939402358-GOOGLEINDIADIGITAL S","","2100.00","-59776.50","179","1"
"1260","S6804250","19/09/2025","","NEFT-UTIBN62025091939542610-GOOGLEINDIADIGITAL S","","3000.00","-56776.50","179","1"
"1261","S6940637","19/09/2025","","NEFT-UTIBN62025091940342688-GOOGLEINDIADIGITAL S","","1850.00","-54926.50","179","1"
"1262","S7230964","20/09/2025","","NEFT-UTIBN62025092048312754-GOOGLEINDIADIGITAL S","","9100.00","-45826.50","180","1"
"1263","S7287135","20/09/2025","","NEFT-UTIBN62025092048588640-GOOGLEINDIADIGITAL S","","3150.00","-42676.50","180","1"
"1264","S7301181","20/09/2025","","NEFT-UTIBN62025092048730724-GOOGLEINDIADIGITAL S","","1475.00","-41201.50","180","1"
"1265","S7493437","20/09/2025","","NEFT-UTIBN62025092049757384-GOOGLEINDIADIGITAL S","","1000.00","-40201.50","180","1"
"1266","S7541742","20/09/2025","","NEFT-UTIBN62025092050138364-GOOGLEINDIADIGITAL S","","420.00","-39781.50","180","1"
"1267","S7566597","20/09/2025","","NEFT-UTIBN62025092050191082-GOOGLEINDIADIGITAL S","","190.00","-39591.50","180","1"
"1268","S7614907","20/09/2025","","NEFT-UTIBN62025092050606733-GOOGLEINDIADIGITAL S","","30.00","-39561.50","180","1"
"1269","S7668826","20/09/2025","","NEFT-UTIBN62025092051045600-GOOGLEINDIADIGITAL S","","280.00","-39281.50","181","1"
"1270","S7687854","20/09/2025","","NEFT-UTIBN62025092051121096-GOOGLEINDIADIGITAL S","","100.00","-39181.50","181","1"
"1271","S7688172","20/09/2025","","NEFT-UTIBN62025092051125549-GOOGLEINDIADIGITAL S","","2000.00","-37181.50","181","1"
"1272","S7723641","20/09/2025","","MMT/IMPS/526318325184/paymenttowardsi/RATNAENTER/H","60418.00","","-97599.50","181","1"
"1273","S8076198","21/09/2025","","NEFT-UTIBN62025092160081651-GOOGLEINDIADIGITAL S","","1300.00","-96299.50","181","1"
"1274","S8148730","21/09/2025","","NEFT-UTIBN62025092160626278-GOOGLEINDIADIGITAL S","","715.00","-95584.50","181","1"
"1275","S8149466","21/09/2025","","NEFT-UTIBN62025092160674546-GOOGLEINDIADIGITAL S","","220.00","-95364.50","181","1"
"1276","S8169782","21/09/2025","","NEFT-UTIBN62025092160789831-GOOGLEINDIADIGITAL S","","7700.00","-87664.50","182","1"
"1277","S8200949","21/09/2025","","NEFT-UTIBN62025092161017145-GOOGLEINDIADIGITAL S","","1000.00","-86664.50","182","1"
"1278","S8224026","21/09/2025","","NEFT-UTIBN62025092161239117-GOOGLEINDIADIGITAL S","","2000.00","-84664.50","182","1"
"1279","S8224034","21/09/2025","","NEFT-UTIBN62025092161243124-GOOGLEINDIADIGITAL S","","470.00","-84194.50","182","1"
"1280","S8248582","21/09/2025","","NEFT-UTIBN62025092161577989-GOOGLEINDIADIGITAL S","","1140.00","-83054.50","182","1"
"1281","S8615759","22/09/2025","","NEFT-UTIBN62025092269075877-GOOGLEINDIADIGITAL S","","2275.00","-80779.50","182","1"
"1282","S8641997","22/09/2025","","NEFT-UTIBN62025092269209914-GOOGLEINDIADIGITAL S","","1520.00","-79259.50","182","1"
"1283","S8642003","22/09/2025","","NEFT-UTIBN62025092269213244-GOOGLEINDIADIGITAL S","","10.00","-79249.50","183","1"
"1284","S8705791","22/09/2025","","NEFT-UTIBN62025092269538237-GOOGLEINDIADIGITAL S","","75.00","-79174.50","183","1"
"1285","S8752021","22/09/2025","","NEFT-UTIBN62025092269684689-GOOGLEINDIADIGITAL S","","415.00","-78759.50","183","1"
"1286","S8914083","22/09/2025","","NEFT-UTIBN62025092270560247-GOOGLEINDIADIGITAL S","","360.00","-78399.50","183","1"
"1287","S8973005","22/09/2025","","NEFT-UTIBN62025092271012457-GOOGLEINDIADIGITAL S","","2900.00","-75499.50","183","1"
"1288","S9099190","22/09/2025","","INF/INFT/041690293101/advancepaymentt/TYRESALES1","33145.00","","-108644.50","183","1"
"1289","S9113938","22/09/2025","","NEFT-UTIBN62025092271701979-GOOGLEINDIADIGITAL S","","950.00","-107694.50","183","1"
"1290","S9216060","22/09/2025","","NEFT-UTIBN62025092272242035-GOOGLEINDIADIGITAL S","","1400.00","-106294.50","184","1"
"1291","S9641177","23/09/2025","","NEFT-UTIBN62025092379957223-GOOGLEINDIADIGITAL S","","1460.00","-104834.50","184","1"
"1292","S9664467","23/09/2025","","NEFT-UTIBN62025092380062240-GOOGLEINDIADIGITAL S","","6145.00","-98689.50","184","1"
"1293","S9666708","23/09/2025","","NEFT-UTIBN62025092380084095-GOOGLEINDIADIGITAL S","","6400.00","-92289.50","184","1"
"1294","S9756427","23/09/2025","","MMT/IMPS/526611455406/paymenttowardsi/SUMITRAENT/B","30000.00","","-122289.50","184","1"
"1295","S9947664","23/09/2025","","NEFT-UTIBN62025092381545989-GOOGLEINDIADIGITAL S","","2450.00","-119839.50","184","1"
"1296","S9947987","23/09/2025","","NEFT-UTIBN62025092381550295-GOOGLEINDIADIGITAL S","","560.00","-119279.50","184","1"
"1297","S106318","23/09/2025","","MMT/IMPS/526617617009/ReqPay/tirupatiau/State Bank","","18000.00","-101279.50","185","1"
"1298","S157911","23/09/2025","","NEFT-UTIBN62025092382823719-GOOGLEINDIADIGITAL S","","585.00","-100694.50","185","1"
"1299","S551207","24/09/2025","","NEFT-UTIBN62025092490855633-GOOGLEINDIADIGITAL S","","280.00","-100414.50","185","1"
"1300","S551518","24/09/2025","","NEFT-UTIBN62025092490871537-GOOGLEINDIADIGITAL S","","2630.00","-97784.50","185","1"
"1301","S644037","24/09/2025","","NEFT-UTIBN62025092491342457-GOOGLEINDIADIGITAL S","","1050.00","-96734.50","185","1"
"1302","S645376","24/09/2025","","NEFT-UTIBN62025092491380125-GOOGLEINDIADIGITAL S","","1570.00","-95164.50","185","1"
"1303","S700776","24/09/2025","","NEFT-UTIBN62025092491641813-GOOGLEINDIADIGITAL S","","520.00","-94644.50","185","1"
"1304","S755277","24/09/2025","","NEFT-UTIBN62025092491861778-GOOGLEINDIADIGITAL S","","2150.00","-92494.50","186","1"
"1305","S758269","24/09/2025","","NEFT-UTIBN62025092491926554-GOOGLEINDIADIGITAL S","","1100.00","-91394.50","186","1"
"1306","S897100","24/09/2025","","NEFT-UTIBN62025092492893730-GOOGLEINDIADIGITAL S","","450.00","-90944.50","186","1"
"1307","S899371","24/09/2025","","NEFT-UTIBN62025092492927601-GOOGLEINDIADIGITAL S","","7600.00","-83344.50","186","1"
"1308","S911632","24/09/2025","","UPI/691168193525/Sent usingPayt/8789639258@ptye/I","","10.00","-83334.50","186","1"
"1309","S1694673","25/09/2025","","MMT/IMPS/526810848957/paymenttowardsi/HANDBROTHE/H","19550.00","","-102884.50","186","1"
"1310","S1736954","25/09/2025","","INF/INFT/041718167991/advancepaymentt/TYRESALES1","18919.00","","-121803.50","186","1"
"1311","S1818906","25/09/2025","","NEFT-UTIBN62025092503101538-GOOGLEINDIADIGITAL S","","2730.00","-119073.50","187","1"
"1312","S1905089","25/09/2025","","NEFT-UTIBN62025092503587653-GOOGLEINDIADIGITAL S","","560.00","-118513.50","187","1"
"1313","S1908370","25/09/2025","","NEFT-UTIBN62025092503600660-GOOGLEINDIADIGITAL S","","20.00","-118493.50","187","1"
"1314","S1908727","25/09/2025","","NEFT-UTIBN62025092503601910-GOOGLEINDIADIGITAL S","","10.00","-118483.50","187","1"
"1315","S2037445","25/09/2025","","NEFT-UTIBN62025092504245320-GOOGLEINDIADIGITAL S","","2000.00","-116483.50","187","1"
"1316","S2024593","25/09/2025","","UPI/526825092111/PGWI013153779L/deut2001030000@/D","","40.00","-116443.50","187","1"
"1317","S2378600","26/09/2025","","MMT/IMPS/526900003458/IMPSP2A/CastrolIn/Standard","","45.00","-116398.50","187","1"
"1318","S2572040","26/09/2025","","NEFT-UTIBN62025092613202069-GOOGLEINDIADIGITAL S","","1350.00","-115048.50","188","1"
"1319","S2575252","26/09/2025","","NEFT-UTIBN62025092613254629-GOOGLEINDIADIGITAL S","","525.00","-114523.50","188","1"
"1320","S2588647","26/09/2025","","NEFT-UTIBN62025092613316522-GOOGLEINDIADIGITAL S","","480.00","-114043.50","188","1"
"1321","S2820729","26/09/2025","","NEFT-UTIBN62025092614389386-GOOGLEINDIADIGITAL S","","1000.00","-113043.50","188","1"
"1322","S2822346","26/09/2025","","NEFT-UTIBN62025092614415802-GOOGLEINDIADIGITAL S","","1450.00","-111593.50","188","1"
"1323","S2935937","26/09/2025","","NEFT-UTIBN62025092615081341-GOOGLEINDIADIGITAL S","","800.00","-110793.50","188","1"
"1324","S2938638","26/09/2025","","NEFT-UTIBN62025092615100125-GOOGLEINDIADIGITAL S","","50.00","-110743.50","188","1"
"1325","S2967440","26/09/2025","","MMT/IMPS/526916728634/ReqPay/tirupatiau/State Bank","","35000.00","-75743.50","189","1"
"1326","S3035011","26/09/2025","","NEFT-UTIBN62025092615607879-GOOGLEINDIADIGITAL S","","1550.00","-74193.50","189","1"
"1327","S3207703","26/09/2025","","NEFT-UTIBN62025092616646356-GOOGLEINDIADIGITAL S","","1550.00","-72643.50","189","1"
"1328","S3649735","27/09/2025","","NEFT-UTIBN62025092725085307-GOOGLEINDIADIGITAL S","","1075.00","-71568.50","189","1"
"1329","S3706994","27/09/2025","","NEFT-UTIBN62025092725464204-GOOGLEINDIADIGITAL S","","1725.00","-69843.50","189","1"
"1330","S3743339","27/09/2025","","NEFT-UTIBN62025092725611070-GOOGLEINDIADIGITAL S","","420.00","-69423.50","189","1"
"1331","S3760227","27/09/2025","","NEFT-UTIBN62025092725647812-GOOGLEINDIADIGITAL S","","590.00","-68833.50","189","1"
"1332","S3762374","27/09/2025","","NEFT-UTIBN62025092725719374-GOOGLEINDIADIGITAL S","","2785.00","-66048.50","190","1"
"1333","S3779639","27/09/2025","","NEFT-UTIBN62025092725782703-GOOGLEINDIADIGITAL S","","150.00","-65898.50","190","1"
"1334","S3797280","27/09/2025","","NEFT-UTIBN62025092725861466-GOOGLEINDIADIGITAL S","","1565.00","-64333.50","190","1"
"1335","S3798768","27/09/2025","","NEFT-UTIBN62025092725888008-GOOGLEINDIADIGITAL S","","1000.00","-63333.50","190","1"
"1336","S3792589","27/09/2025","","UPI/GULFOILL/msgulf@sc/WS-1758973/StandardC/527","","200.00","-63133.50","190","1"
"1337","S4153351","28/09/2025","","NEFT-UTIBN62025092833991272-GOOGLEINDIADIGITAL S","","25.00","-63108.50","190","1"
"1338","S4265902","28/09/2025","","MMT/IMPS/527113680433/ReqPay/tirupatiau/State Bank","","35000.00","-28108.50","190","1"
"1339","S4325083","28/09/2025","","NEFT-UTIBN62025092835117637-GOOGLEINDIADIGITAL S","","480.00","-27628.50","191","1"
"1340","S4336060","28/09/2025","","NEFT-UTIBN62025092835180086-GOOGLEINDIADIGITAL S","","600.00","-27028.50","191","1"
"1341","S4785740","29/09/2025","","NEFT-UTIBN62025092943221373-GOOGLEINDIADIGITAL S","","10.00","-27018.50","191","1"
"1342","S4801121","29/09/2025","","NEFT-UTIBN62025092943566421-GOOGLEINDIADIGITAL S","","1775.00","-25243.50","191","1"
"1343","S4872852","29/09/2025","","NEFT-UTIBN62025092945498475-GOOGLEINDIADIGITAL S","","50.00","-25193.50","191","1"
"1344","S4904682","29/09/2025","","MMT/IMPS/527211452929/paymenttowardsi/HARIENTERP/B","2875.00","","-28068.50","191","1"
"1345","S4905489","29/09/2025","","MMT/IMPS/527211454422/paymenttowardsi/HARIENTERP/B","22211.00","","-50279.50","191","1"
"1346","S4910928","29/09/2025","","MMT/IMPS/527211473056/paymenttowardsi/HARIENTERP/B","34425.00","","-84704.50","192","1"
"1347","S4911919","29/09/2025","","MMT/IMPS/527211475541/paymenttowardsi/HARIENTERP/B","7666.00","","-92370.50","192","1"
"1348","S4912834","29/09/2025","","MMT/IMPS/527211479315/paymenttowardsi/HARIENTERP/B","18409.00","","-110779.50","192","1"
"1349","S4913818","29/09/2025","","MMT/IMPS/527211481314/paymenttowardsi/HARIENTERP/B","16931.00","","-127710.50","192","1"
"1350","S4988071","29/09/2025","","NEFT-UTIBN62025092947060172-GOOGLEINDIADIGITAL S","","100.00","-127610.50","192","1"
"1351","S5040819","29/09/2025","","NEFT-UTIBN62025092947369922-GOOGLEINDIADIGITAL S","","1050.00","-126560.50","192","1"
"1352","S5077045","29/09/2025","","NEFT-UTIBN62025092947539734-GOOGLEINDIADIGITAL S","","1350.00","-125210.50","192","1"
"1353","S5077070","29/09/2025","","NEFT-UTIBN62025092947559538-GOOGLEINDIADIGITAL S","","2800.00","-122410.50","192","1"
"1354","S5077240","29/09/2025","","NEFT-UTIBN62025092947569800-GOOGLEINDIADIGITAL S","","525.00","-121885.50","193","1"
"1355","S5174234","29/09/2025","","NEFT-UTIBN62025092948015306-GOOGLEINDIADIGITAL S","","1000.00","-120885.50","193","1"
"1356","S5211004","29/09/2025","","NEFT-UTIBN62025092948248388-GOOGLEINDIADIGITAL S","","1000.00","-119885.50","193","1"
"1357","S5218429","29/09/2025","","NEFT-UTIBN62025092948360319-GOOGLEINDIADIGITAL S","","185.00","-119700.50","193","1"
"1358","S5235466","29/09/2025","","MMT/IMPS/527215792837/ReqPay/tirupatiau/State Bank","","49500.00","-70200.50","193","1"
"1359","S5237266","29/09/2025","","MMT/IMPS/527215191635/paymenttowardsi/SMENTERPRI/Y","27975.00","","-98175.50","193","1"
"1360","S5245741","29/09/2025","","MMT/IMPS/527216798200/ReqPay/tirupatiau/State Bank","","18000.00","-80175.50","193","1"
"1361","S5247393","29/09/2025","","MMT/IMPS/527216210670/paymenttowardsi/CHAMPARANT/H","20000.00","","-100175.50","194","1"
"1362","S5251877","29/09/2025","","NEFT-UTIBN62025092948662766-GOOGLEINDIADIGITAL S","","2500.00","-97675.50","194","1"
"1363","S5299519","29/09/2025","","NEFT-UTIBN62025092948876211-GOOGLEINDIADIGITAL S","","1120.00","-96555.50","194","1"
"1364","S5337760","29/09/2025","","NEFT-UTIBN62025092949032431-GOOGLEINDIADIGITAL S","","1200.00","-95355.50","194","1"
"1365","S5348009","29/09/2025","","NEFT-UTIBN62025092949101531-GOOGLEINDIADIGITAL S","","305.00","-95050.50","194","1"
"1366","S6105922","30/09/2025","","NEFT-UTIBN62025093058275891-GOOGLEINDIADIGITAL S","","1600.00","-93450.50","194","1"
"1367","S6137856","30/09/2025","","NEFT-UTIBN62025093058377704-GOOGLEINDIADIGITAL S","","150.00","-93300.50","194","1"
"1368","S6514695","30/09/2025","","NEFT-UTIBN62025093059977105-GOOGLEINDIADIGITAL S","","300.00","-93000.50","195","1"
"1369","S6523031","30/09/2025","","NEFT-UTIBN62025093060022468-GOOGLEINDIADIGITAL S","","75.00","-92925.50","195","1"
"1370","S6547250","30/09/2025","","NEFT-UTIBN62025093060143438-GOOGLEINDIADIGITAL S","","25.00","-92900.50","195","1"
"1371","S6579195","30/09/2025","","UPI/527300079009/none/maklubes@icici/ICICIBank LT","","40.00","-92860.50","195","1"
"1372","S6667033","30/09/2025","","NEFT-UTIBN62025093060616868-GOOGLEINDIADIGITAL S","","675.00","-92185.50","195","1"
"1373","S6729953","30/09/2025","","INF/INFT/041776932591/paymenttowardsi/AKENTERPRISE","28217.00","","-120402.50","195","1"
"1374","S6742565","30/09/2025","","UPI/527325095243/PGWI013177795L/deut2001030000@/D","","20.00","-120382.50","195","1"
"1375","S6854244","30/09/2025","","NEFT-UTIBN62025093061330406-GOOGLEINDIADIGITAL S","","300.00","-120082.50","196","1"
"1376","S6978540","30/09/2025","","NEFT-UTIBN62025093062008562-GOOGLEINDIADIGITAL S","","2000.00","-118082.50","196","1"
"1377","S6978631","30/09/2025","","NEFT-UTIBN62025093062008728-GOOGLEINDIADIGITAL S","","1400.00","-116682.50","196","1"
"1378","S7571281","01/10/2025","","NEFT-UTIBN62025100170645505-GOOGLEINDIADIGITAL S","","50.00","-116632.50","196","1"
"1379","S7689822","01/10/2025","","NEFT-UTIBN62025100171001673-GOOGLEINDIADIGITAL S","","100.00","-116532.50","196","1"
"1380","S7694919","01/10/2025","","NEFT-UTIBN62025100171052771-GOOGLEINDIADIGITAL S","","70.00","-116462.50","196","1"
"1381","S7728355","01/10/2025","","NEFT-UTIBN62025100171276895-GOOGLEINDIADIGITAL S","","360.00","-116102.50","196","1"
"1382","S7907073","01/10/2025","","NEFT-UTIBN62025100172021965-GOOGLEINDIADIGITAL S","","405.00","-115697.50","197","1"
"1383","S7984343","01/10/2025","","NEFT-UTIBN62025100172333478-GOOGLEINDIADIGITAL S","","390.00","-115307.50","197","1"
"1384","S8006127","01/10/2025","","MMT/IMPS/527414742835/ReqPay/tirupatiau/State Bank","","22500.00","-92807.50","197","1"
"1385","S8015786","01/10/2025","","NEFT-UTIBN62025100172449218-GOOGLEINDIADIGITAL S","","6800.00","-86007.50","197","1"
"1386","S8347814","01/10/2025","","NEFT-UTIBN62025100174302247-GOOGLEINDIADIGITAL S","","1000.00","-85007.50","197","1"
"1387","S8830200","02/10/2025","","NEFT-UTIBN62025100282218942-GOOGLEINDIADIGITAL S","","3800.00","-81207.50","197","1"
"1388","S8830172","02/10/2025","","NEFT-UTIBN62025100282222058-GOOGLEINDIADIGITAL S","","100.00","-81107.50","197","1"
"1389","S8926057","02/10/2025","","NEFT-UTIBN62025100282692580-GOOGLEINDIADIGITAL S","","190.00","-80917.50","198","1"
"1390","S8910621","02/10/2025","","UPI/527525039489/PGWI013186962L/deut2001030000@/D","","40.00","-80877.50","198","1"
"1391","S9050247","02/10/2025","","NEFT-UTIBN62025100283422530-GOOGLEINDIADIGITAL S","","4300.00","-76577.50","198","1"
"1392","S9050321","02/10/2025","","NEFT-UTIBN62025100283427196-GOOGLEINDIADIGITAL S","","80.00","-76497.50","198","1"
"1393","S9063238","02/10/2025","","NEFT-UTIBN62025100283487078-GOOGLEINDIADIGITAL S","","580.00","-75917.50","198","1"
"1394","S9091160","02/10/2025","","NEFT-UTIBN62025100283658342-GOOGLEINDIADIGITAL S","","1550.00","-74367.50","198","1"
"1395","S9120999","02/10/2025","","NEFT-UTIBN62025100283836894-GOOGLEINDIADIGITAL S","","4800.00","-69567.50","198","1"
"1396","S9120931","02/10/2025","","NEFT-UTIBN62025100283837891-GOOGLEINDIADIGITAL S","","500.00","-69067.50","199","1"
"1397","S9350861","03/10/2025","","133705004214:Int.Coll:02-09-2025to 02-10-2025","1011.00","","-70078.50","199","1"
"1398","S9672666","03/10/2025","","NEFT-UTIBN62025100391780580-GOOGLEINDIADIGITAL S","","1800.00","-68278.50","199","1"
"1399","S9710223","03/10/2025","","NEFT-UTIBN62025100392054007-GOOGLEINDIADIGITAL S","","375.00","-67903.50","199","1"
"1400","S27019","03/10/2025","","NEFT-UTIBN62025100393717348-GOOGLEINDIADIGITAL S","","1840.00","-66063.50","199","1"
"1401","S190473","03/10/2025","","NEFT-UTIBN62025100394685081-GOOGLEINDIADIGITAL S","","1600.00","-64463.50","199","1"
"1402","S918650","04/10/2025","","NEFT-UTIBN62025100405331111-GOOGLEINDIADIGITAL S","","125.00","-64338.50","199","1"
"1403","S1314522","04/10/2025","","NEFT-UTIBN62025100407538321-GOOGLEINDIADIGITAL S","","200.00","-64138.50","200","1"
"1404","S1904156","05/10/2025","","BIL/PersonalLoanXX05537EMI Tiru","11019.00","","-75157.50","200","1"
"1405","S2196883","05/10/2025","","NEFT-UTIBN62025100516413372-GOOGLEINDIADIGITAL S","","190.00","-74967.50","200","1"
"1406","S2276688","05/10/2025","","NEFT-UTIBN62025100516793444-GOOGLEINDIADIGITAL S","","300.00","-74667.50","200","1"
"1407","S2322039","05/10/2025","","NEFT-UTIBN62025100517062868-GOOGLEINDIADIGITAL S","","1395.00","-73272.50","200","1"
"1408","S2322101","05/10/2025","","NEFT-UTIBN62025100517068616-GOOGLEINDIADIGITAL S","","170.00","-73102.50","200","1"
"1409","S2322247","05/10/2025","","NEFT-UTIBN62025100517073295-GOOGLEINDIADIGITAL S","","800.00","-72302.50","200","1"
"1410","S2322426","05/10/2025","","NEFT-UTIBN62025100517086190-GOOGLEINDIADIGITAL S","","590.00","-71712.50","201","1"
"1411","S2348342","05/10/2025","","NEFT-UTIBN62025100517172563-GOOGLEINDIADIGITAL S","","240.00","-71472.50","201","1"
"1412","S2348430","05/10/2025","","NEFT-UTIBN62025100517188002-GOOGLEINDIADIGITAL S","","65.00","-71407.50","201","1"
"1413","S2426722","05/10/2025","","NEFT-UTIBN62025100517605944-GOOGLEINDIADIGITAL S","","25.00","-71382.50","201","1"
"1414","S2427487","05/10/2025","","NEFT-UTIBN62025100517658824-GOOGLEINDIADIGITAL S","","35.00","-71347.50","201","1"
"1415","S2458598","05/10/2025","","NEFT-UTIBN62025100517871688-GOOGLEINDIADIGITAL S","","2355.00","-68992.50","201","1"
"1416","S2900564","06/10/2025","","MMT/IMPS/527908365748/paymenttowardsi/CHAMPARANT/H","15096.00","","-84088.50","201","1"
"1417","S2969072","06/10/2025","","NEFT-UTIBN62025100625690450-GOOGLEINDIADIGITAL S","","1600.00","-82488.50","202","1"
"1418","S3081643","06/10/2025","","NEFT-UTIBN62025100626144063-GOOGLEINDIADIGITAL S","","80.00","-82408.50","202","1"
"1419","S3123915","06/10/2025","","NEFT-UTIBN62025100626244333-GOOGLEINDIADIGITAL S","","1375.00","-81033.50","202","1"
"1420","S3128852","06/10/2025","","NEFT-UTIBN62025100626297390-GOOGLEINDIADIGITAL S","","475.00","-80558.50","202","1"
"1421","S3180844","06/10/2025","","NEFT-UTIBN62025100626556578-GOOGLEINDIADIGITAL S","","100.00","-80458.50","202","1"
"1422","S3236748","06/10/2025","","INF/INFT/041839626081/paymenttowardsi/TYRECENTRE2","38850.00","","-119308.50","202","1"
"1423","S3276134","06/10/2025","","NEFT-UTIBN62025100626985635-GOOGLEINDIADIGITAL S","","10000.00","-109308.50","202","1"
"1424","S3373883","06/10/2025","","MMT/IMPS/527916911066/ReqPay/tirupatiau/State Bank","","21000.00","-88308.50","203","1"
"1425","S3375265","06/10/2025","","MMT/IMPS/527916911568/ReqPay/tirupatiau/State Bank","","8000.00","-80308.50","203","1"
"1426","S3377338","06/10/2025","","INF/INFT/041842341081/advancepaymentt/TYRESALES1","48365.00","","-128673.50","203","1"
"1427","S3381777","06/10/2025","","NEFT-UTIBN62025100627586258-GOOGLEINDIADIGITAL S","","200.00","-128473.50","203","1"
"1428","S3650746","06/10/2025","","NEFT-UTIBN62025100629078576-GOOGLEINDIADIGITAL S","","300.00","-128173.50","203","1"
"1429","S4212381","07/10/2025","","NEFT-UTIBN62025100737165824-GOOGLEINDIADIGITAL S","","200.00","-127973.50","203","1"
"1430","S4212653","07/10/2025","","NEFT-UTIBN62025100737182714-GOOGLEINDIADIGITAL S","","30.00","-127943.50","203","1"
"1431","S4309541","07/10/2025","","NEFT-UTIBN62025100737611421-GOOGLEINDIADIGITAL S","","2000.00","-125943.50","204","1"
"1432","S4309572","07/10/2025","","NEFT-UTIBN62025100737611707-GOOGLEINDIADIGITAL S","","2000.00","-123943.50","204","1"
"1433","S4308299","07/10/2025","","NEFT-UTIBN62025100737613524-GOOGLEINDIADIGITAL S","","1850.00","-122093.50","204","1"
"1434","S4338339","07/10/2025","","NEFT-UTIBN62025100737655090-GOOGLEINDIADIGITAL S","","2000.00","-120093.50","204","1"
"1435","S4337925","07/10/2025","","NEFT-UTIBN62025100737655629-GOOGLEINDIADIGITAL S","","2060.00","-118033.50","204","1"
"1436","S4374639","07/10/2025","","NEFT-UTIBN62025100737796681-GOOGLEINDIADIGITAL S","","1375.00","-116658.50","204","1"
"1437","S4403203","07/10/2025","","NEFT-UTIBN62025100737934239-GOOGLEINDIADIGITAL S","","45.00","-116613.50","204","1"
"1438","S4519978","07/10/2025","","NEFT-UTIBN62025100738639856-GOOGLEINDIADIGITAL S","","1090.00","-115523.50","205","1"
"1439","S4626729","07/10/2025","","NEFT-UTIBN62025100739100086-GOOGLEINDIADIGITAL S","","300.00","-115223.50","205","1"
"1440","S4646590","07/10/2025","","MMT/IMPS/528016568691/ReqPay/tirupatiau/State Bank","","9000.00","-106223.50","205","1"
"1441","S4668458","07/10/2025","","NEFT-UTIBN62025100739297935-GOOGLEINDIADIGITAL S","","1550.00","-104673.50","205","1"
"1442","S4739568","07/10/2025","","NEFT-UTIBN62025100739472577-GOOGLEINDIADIGITAL S","","1.00","-104672.50","205","1"
"1443","S4742710","07/10/2025","","NEFT-UTIBN62025100739479377-GOOGLEINDIADIGITAL S","","200.00","-104472.50","205","1"
"1444","S4977791","07/10/2025","","NEFT-UTIBN62025100740810620-GOOGLEINDIADIGITAL S","","620.00","-103852.50","205","1"
"1445","S5133423","08/10/2025","","MMT/IMPS/528101005078/IMPSP2A/CastrolIn/Standard","","45.00","-103807.50","206","1"
"1446","S5342585","08/10/2025","","NEFT-UTIBN62025100848386048-GOOGLEINDIADIGITAL S","","25.00","-103782.50","206","1"
"1447","S5377079","08/10/2025","","NEFT-UTIBN62025100848542057-GOOGLEINDIADIGITAL S","","150.00","-103632.50","206","1"
"1448","S5428172","08/10/2025","","UPI/528125011149/PGWI013214412L/deut2001030000@/D","","280.00","-103352.50","206","1"
"1449","S5454340","08/10/2025","","NEFT-UTIBN62025100848931296-GOOGLEINDIADIGITAL S","","810.00","-102542.50","206","1"
"1450","S5580373","08/10/2025","","MMT/IMPS/528112025928/advancepaymentt/TYRECENTRE/K","24300.00","","-126842.50","206","1"
"1451","S5634990","08/10/2025","","NEFT-UTIBN62025100849849094-GOOGLEINDIADIGITAL S","","5500.00","-121342.50","206","1"
"1452","S5635196","08/10/2025","","NEFT-UTIBN62025100849856134-GOOGLEINDIADIGITAL S","","80.00","-121262.50","207","1"
"1453","S5663870","08/10/2025","","NEFT-UTIBN62025100850065250-GOOGLEINDIADIGITAL S","","200.00","-121062.50","207","1"
"1454","S5732325","08/10/2025","","NEFT-UTIBN62025100850409722-GOOGLEINDIADIGITAL S","","1575.00","-119487.50","207","1"
"1455","S5798494","08/10/2025","","NEFT-UTIBN62025100850722565-GOOGLEINDIADIGITAL S","","2100.00","-117387.50","207","1"
"1456","S5910322","08/10/2025","","MMT/IMPS/528117804883/ReqPay/tirupatiau/State Bank","","12000.00","-105387.50","207","1"
"1457","S5942776","08/10/2025","","UPI/GULFOILL/msgulf@sc/WS-1759926/StandardC/528","","80.00","-105307.50","207","1"
"1458","S5960838","08/10/2025","","NEFT-UTIBN62025100851668945-GOOGLEINDIADIGITAL S","","75.00","-105232.50","207","1"
"1459","S6446857","09/10/2025","","NEFT-UTIBN62025100960200054-GOOGLEINDIADIGITAL S","","225.00","-105007.50","208","1"
"1460","S6578679","09/10/2025","","NEFT-UTIBN62025100960811975-GOOGLEINDIADIGITAL S","","3000.00","-102007.50","208","1"
"1461","S6604708","09/10/2025","","NEFT-UTIBN62025100960905656-GOOGLEINDIADIGITAL S","","1500.00","-100507.50","208","1"
"1462","S6604690","09/10/2025","","NEFT-UTIBN62025100960907482-GOOGLEINDIADIGITAL S","","20.00","-100487.50","208","1"
"1463","S6604853","09/10/2025","","NEFT-UTIBN62025100960909697-GOOGLEINDIADIGITAL S","","30.00","-100457.50","208","1"
"1464","S6700343","09/10/2025","","NEFT-UTIBN62025100961372076-GOOGLEINDIADIGITAL S","","1325.00","-99132.50","208","1"
"1465","S6767231","09/10/2025","","NEFT-UTIBN62025100961654344-GOOGLEINDIADIGITAL S","","18260.00","-80872.50","208","1"
"1466","S6967837","09/10/2025","","NEFT-UTIBN62025100962801352-GOOGLEINDIADIGITAL S","","1660.00","-79212.50","209","1"
"1467","S7089522","09/10/2025","","NEFT-UTIBN62025100963702168-GOOGLEINDIADIGITAL S","","210.00","-79002.50","209","1"
"1468","S7835773","10/10/2025","","NEFT-UTIBN62025101072377148-GOOGLEINDIADIGITAL S","","140.00","-78862.50","209","1"
"1469","S8165485","10/10/2025","","NEFT-UTIBN62025101074046223-GOOGLEINDIADIGITAL S","","50.00","-78812.50","209","1"
"1470","S8270943","10/10/2025","","NEFT-UTIBN62025101074593099-GOOGLEINDIADIGITAL S","","1500.00","-77312.50","209","1"
"1471","S8323194","10/10/2025","","NEFT-UTIBN62025101074779814-GOOGLEINDIADIGITAL S","","1600.00","-75712.50","209","1"
"1472","S8401295","10/10/2025","","NEFT-UTIBN62025101075212355-GOOGLEINDIADIGITAL S","","410.00","-75302.50","209","1"
"1473","S8888218","11/10/2025","","NEFT-UTIBN62025101184587619-GOOGLEINDIADIGITAL S","","1565.00","-73737.50","210","1"
"1474","S8954630","11/10/2025","","MMT/IMPS/528411920555/paymenttowardsi/SHREEMAHIN/H","23597.00","","-97334.50","210","1"
"1475","S8971892","11/10/2025","","NEFT-UTIBN62025101184970915-GOOGLEINDIADIGITAL S","","1550.00","-95784.50","210","1"
"1476","S8974395","11/10/2025","","NEFT-UTIBN62025101185033978-GOOGLEINDIADIGITAL S","","80.00","-95704.50","210","1"
"1477","S8996568","11/10/2025","","NEFT-UTIBN62025101185121835-GOOGLEINDIADIGITAL S","","950.00","-94754.50","210","1"
"1478","S9107001","11/10/2025","","NEFT-UTIBN62025101185838682-GOOGLEINDIADIGITAL S","","1300.00","-93454.50","210","1"
"1479","S9123509","11/10/2025","","NEFT-UTIBN62025101185883180-GOOGLEINDIADIGITAL S","","1500.00","-91954.50","210","1"
"1480","S9124009","11/10/2025","","NEFT-UTIBN62025101185903005-GOOGLEINDIADIGITAL S","","480.00","-91474.50","211","1"
"1481","S9125203","11/10/2025","","NEFT-UTIBN62025101185935094-GOOGLEINDIADIGITAL S","","240.00","-91234.50","211","1"
"1482","S9161209","11/10/2025","","NEFT-UTIBN62025101186092084-GOOGLEINDIADIGITAL S","","780.00","-90454.50","211","1"
"1483","S9179980","11/10/2025","","NEFT-UTIBN62025101186199959-GOOGLEINDIADIGITAL S","","2000.00","-88454.50","211","1"
"1484","S9198475","11/10/2025","","NEFT-UTIBN62025101186309873-GOOGLEINDIADIGITAL S","","975.00","-87479.50","211","1"
"1485","S9199068","11/10/2025","","NEFT-UTIBN62025101186326899-GOOGLEINDIADIGITAL S","","65.00","-87414.50","211","1"
"1486","S9239167","11/10/2025","","NEFT-UTIBN62025101186503098-GOOGLEINDIADIGITAL S","","125.00","-87289.50","211","1"
"1487","S9281693","11/10/2025","","NEFT-UTIBN62025101186861647-GOOGLEINDIADIGITAL S","","100.00","-87189.50","212","1"
"1488","S9318291","11/10/2025","","NEFT-UTIBN62025101187147451-GOOGLEINDIADIGITAL S","","980.00","-86209.50","212","1"
"1489","S9600641","12/10/2025","","NEFT-UTIBN62025101295043557-GOOGLEINDIADIGITAL S","","2200.00","-84009.50","212","1"
"1490","S9614751","12/10/2025","","NEFT-UTIBN62025101295438309-GOOGLEINDIADIGITAL S","","50.00","-83959.50","212","1"
"1491","S9712439","12/10/2025","","NEFT-UTIBN62025101296086888-GOOGLEINDIADIGITAL S","","370.00","-83589.50","212","1"
"1492","S9724226","12/10/2025","","NEFT-UTIBN62025101296149430-GOOGLEINDIADIGITAL S","","2550.00","-81039.50","212","1"
"1493","S9724936","12/10/2025","","NEFT-UTIBN62025101296192332-GOOGLEINDIADIGITAL S","","300.00","-80739.50","212","1"
"1494","S9759534","12/10/2025","","NEFT-UTIBN62025101296433259-GOOGLEINDIADIGITAL S","","25.00","-80714.50","213","1"
"1495","S9759836","12/10/2025","","NEFT-UTIBN62025101296448395-GOOGLEINDIADIGITAL S","","1200.00","-79514.50","213","1"
"1496","S9797880","12/10/2025","","NEFT-UTIBN62025101296692125-GOOGLEINDIADIGITAL S","","270.00","-79244.50","213","1"
"1497","S9826209","12/10/2025","","NEFT-UTIBN62025101297043457-GOOGLEINDIADIGITAL S","","945.00","-78299.50","213","1"
"1498","S9826842","12/10/2025","","NEFT-UTIBN62025101297088760-GOOGLEINDIADIGITAL S","","420.00","-77879.50","213","1"
"1499","S9838674","12/10/2025","","NEFT-UTIBN62025101297099487-GOOGLEINDIADIGITAL S","","2880.00","-74999.50","213","1"
"1500","S9839578","12/10/2025","","NEFT-UTIBN62025101297182632-GOOGLEINDIADIGITAL S","","30.00","-74969.50","213","1"
"1501","S9872425","12/10/2025","","NEFT-UTIBN62025101297302195-GOOGLEINDIADIGITAL S","","250.00","-74719.50","214","1"
"1502","S244685","13/10/2025","","NEFT-UTIBN62025101305294389-GOOGLEINDIADIGITAL S","","850.00","-73869.50","214","1"
"1503","S278044","13/10/2025","","MMT/IMPS/528611543738/paymenttowardsi/CHAMPARANT/H","12300.00","","-86169.50","214","1"
"1504","S333496","13/10/2025","","MMT/IMPS/528612673706/paymenttowardsi/TYRECENTRE/K","12600.00","","-98769.50","214","1"
"1505","S335185","13/10/2025","","MMT/IMPS/528612677343/advancepaymentt/TYRECENTRE/K","9600.00","","-108369.50","214","1"
"1506","S420474","13/10/2025","","NEFT-UTIBN62025101306165393-GOOGLEINDIADIGITAL S","","6530.00","-101839.50","214","1"
"1507","S450785","13/10/2025","","NEFT-UTIBN62025101306364998-GOOGLEINDIADIGITAL S","","50.00","-101789.50","214","1"
"1508","S479891","13/10/2025","","NEFT-UTIBN62025101306551841-GOOGLEINDIADIGITAL S","","2100.00","-99689.50","215","1"
"1509","S503558","13/10/2025","","NEFT-UTIBN62025101306608444-GOOGLEINDIADIGITAL S","","500.00","-99189.50","215","1"
"1510","S599067","13/10/2025","","NEFT-UTIBN62025101307273593-GOOGLEINDIADIGITAL S","","330.00","-98859.50","215","1"
"1511","S667357","13/10/2025","","NEFT-UTIBN62025101307580836-GOOGLEINDIADIGITAL S","","975.00","-97884.50","215","1"
"1512","S1156603","14/10/2025","","MMT/IMPS/528706900734/ReqPay/tirupatiau/State Bank","","38000.00","-59884.50","215","1"
"1513","S1209578","14/10/2025","","NEFT-UTIBN62025101416102123-GOOGLEINDIADIGITAL S","","3750.00","-56134.50","215","1"
"1514","S1350743","14/10/2025","","NEFT-UTIBN62025101417436188-GOOGLEINDIADIGITAL S","","300.00","-55834.50","215","1"
"1515","S1443988","14/10/2025","","NEFT-UTIBN62025101417932489-GOOGLEINDIADIGITAL S","","300.00","-55534.50","216","1"
"1516","S1444061","14/10/2025","","NEFT-UTIBN62025101417935686-GOOGLEINDIADIGITAL S","","675.00","-54859.50","216","1"
"1517","S1444485","14/10/2025","","NEFT-UTIBN62025101417950586-GOOGLEINDIADIGITAL S","","25.00","-54834.50","216","1"
"1518","S1446257","14/10/2025","","NEFT-UTIBN62025101418007104-GOOGLEINDIADIGITAL S","","50.00","-54784.50","216","1"
"1519","S1450243","14/10/2025","","NEFT-UTIBN62025101418061479-GOOGLEINDIADIGITAL S","","825.00","-53959.50","216","1"
"1520","S1458332","14/10/2025","","MMT/IMPS/528713112643/paymenttowardsi/HARIENTERP/B","25000.00","","-78959.50","216","1"
"1521","S1573401","14/10/2025","","NEFT-UTIBN62025101418728773-GOOGLEINDIADIGITAL S","","64.00","-78895.50","216","1"
"1522","S1943715","14/10/2025","","NEFT-UTIBN62025101421033696-GOOGLEINDIADIGITAL S","","800.00","-78095.50","217","1"
"1523","S2461069","15/10/2025","","NEFT-UTIBN62025101529956502-GOOGLEINDIADIGITAL S","","25.00","-78070.50","217","1"
"1524","S2480285","15/10/2025","","NEFT-UTIBN62025101529981380-GOOGLEINDIADIGITAL S","","1150.00","-76920.50","217","1"
"1525","S2510015","15/10/2025","","NEFT-UTIBN62025101530136658-GOOGLEINDIADIGITAL S","","1000.00","-75920.50","217","1"
"1526","S2590262","15/10/2025","","NEFT-UTIBN62025101530389201-GOOGLEINDIADIGITAL S","","1200.00","-74720.50","217","1"
"1527","S2626317","15/10/2025","","Mob alrtChg Aug-25+GST","29.50","","-74750.00","217","1"
"1528","S2672393","15/10/2025","","NEFT-UTIBN62025101530931391-GOOGLEINDIADIGITAL S","","50.00","-74700.00","217","1"
"1529","S2746809","15/10/2025","","UPI/528896643720/none/maklubes@icici/ICICIBank LT","","30.00","-74670.00","218","1"
"1530","S2771920","15/10/2025","","NEFT-UTIBN62025101531498495-GOOGLEINDIADIGITAL S","","725.00","-73945.00","218","1"
"1531","S2788876","15/10/2025","","IMPS ChgAug-25+GST","106.20","","-74051.20","218","1"
"1532","S2932927","15/10/2025","","MMT/IMPS/528816921128/paymenttowardsi/Goverdhans/K","23560.00","","-97611.20","218","1"
"1533","S2945628","15/10/2025","","NEFT-UTIBN62025101532365964-GOOGLEINDIADIGITAL S","","2000.00","-95611.20","218","1"
"1534","S3002742","15/10/2025","","MMT/IMPS/528817897329/ReqPay/tirupatiau/State Bank","","17000.00","-78611.20","218","1"
"1535","S3523384","16/10/2025","","NEFT-UTIBN62025101642660582-GOOGLEINDIADIGITAL S","","650.00","-77961.20","218","1"
"1536","S3588791","16/10/2025","","NEFT-UTIBN62025101643075108-GOOGLEINDIADIGITAL S","","2000.00","-75961.20","218","1"
"1537","S3589209","16/10/2025","","NEFT-UTIBN62025101643084708-GOOGLEINDIADIGITAL S","","460.00","-75501.20","219","1"
"1538","S3591926","16/10/2025","","NEFT-UTIBN62025101643134628-GOOGLEINDIADIGITAL S","","2325.00","-73176.20","219","1"
"1539","S3650063","16/10/2025","","NEFT-UTIBN62025101643439451-GOOGLEINDIADIGITAL S","","350.00","-72826.20","219","1"
"1540","S3809389","16/10/2025","","NEFT-UTIBN62025101644288834-GOOGLEINDIADIGITAL S","","870.00","-71956.20","219","1"
"1541","S3810819","16/10/2025","","NEFT-UTIBN62025101644315571-GOOGLEINDIADIGITAL S","","40.00","-71916.20","219","1"
"1542","S3873719","16/10/2025","","NEFT-UTIBN62025101644584086-GOOGLEINDIADIGITAL S","","1600.00","-70316.20","219","1"
"1543","S3891034","16/10/2025","","NEFT-UTIBN62025101644707029-GOOGLEINDIADIGITAL S","","1500.00","-68816.20","219","1"
"1544","S3951763","16/10/2025","","INF/INFT/041993864461/advancepaymentt/TYRESALES1","4074.00","","-72890.20","220","1"
"1545","S3954143","16/10/2025","","INF/INFT/041993886031/advancepaymentt/TYRESALES1","28466.00","","-101356.20","220","1"
"1546","S4015359","16/10/2025","","MMT/IMPS/528917977616/ReqPay/tirupatiau/State Bank","","21000.00","-80356.20","220","1"
"1547","S4050054","16/10/2025","","NEFT-UTIBN62025101645646386-GOOGLEINDIADIGITAL S","","1000.00","-79356.20","220","1"
"1548","S4196818","16/10/2025","","MMT/IMPS/528919641527/paymenttowardsi/RATNAENTER/H","50500.00","","-129856.20","220","1"
"1549","S4342876","17/10/2025","","MMT/IMPS/529000003214/IMPSP2A/CastrolIn/Standard","","100.00","-129756.20","220","1"
"1550","S4771117","17/10/2025","","NEFT-UTIBN62025101756463871-GOOGLEINDIADIGITAL S","","990.00","-128766.20","220","1"
"1551","S4778361","17/10/2025","","NEFT-UTIBN62025101756550931-GOOGLEINDIADIGITAL S","","1360.00","-127406.20","220","1"
"1552","S4855745","17/10/2025","","NEFT-UTIBN62025101757092825-GOOGLEINDIADIGITAL S","","800.00","-126606.20","221","1"
"1553","S4892817","17/10/2025","","NEFT-UTIBN62025101757304137-GOOGLEINDIADIGITAL S","","1400.00","-125206.20","221","1"
"1554","S4931855","17/10/2025","","NEFT-UTIBN62025101757435528-GOOGLEINDIADIGITAL S","","1250.00","-123956.20","221","1"
"1555","S5003246","17/10/2025","","NEFT-UTIBN62025101757804125-GOOGLEINDIADIGITAL S","","50.00","-123906.20","221","1"
"1556","S5011286","17/10/2025","","NEFT-UTIBN62025101757885603-GOOGLEINDIADIGITAL S","","2600.00","-121306.20","221","1"
"1557","S5080223","17/10/2025","","NEFT-UTIBN62025101758191715-GOOGLEINDIADIGITAL S","","550.00","-120756.20","221","1"
"1558","S5093600","17/10/2025","","NEFT-UTIBN62025101758226088-GOOGLEINDIADIGITAL S","","1100.00","-119656.20","221","1"
"1559","S5100826","17/10/2025","","MMT/IMPS/529017609314/ReqPay/tirupatiau/State Bank","","10000.00","-109656.20","222","1"
"1560","S5158538","17/10/2025","","NEFT-UTIBN62025101758723917-GOOGLEINDIADIGITAL S","","1200.00","-108456.20","222","1"
"1561","S5317294","17/10/2025","","UPI/529025158494/PGWI013261660L/deut2001030000@/D","","100.00","-108356.20","222","1"
"1562","S5638606","18/10/2025","","NEFT-UTIBN62025101868638902-GOOGLEINDIADIGITAL S","","250.00","-108106.20","222","1"
"1563","S5717914","18/10/2025","","NEFT-UTIBN62025101868883231-GOOGLEINDIADIGITAL S","","400.00","-107706.20","222","1"
"1564","S5729843","18/10/2025","","NEFT-UTIBN62025101869088708-GOOGLEINDIADIGITAL S","","2295.00","-105411.20","222","1"
"1565","S5814540","18/10/2025","","NEFT-UTIBN62025101869589722-GOOGLEINDIADIGITAL S","","975.00","-104436.20","222","1"
"1566","S5955211","18/10/2025","","NEFT-UTIBN62025101870382497-GOOGLEINDIADIGITAL S","","2150.00","-102286.20","223","1"
"1567","S5980440","18/10/2025","","NEFT-UTIBN62025101870429592-GOOGLEINDIADIGITAL S","","515.00","-101771.20","223","1"
"1568","S6053345","18/10/2025","","NEFT-UTIBN62025101870987883-GOOGLEINDIADIGITAL S","","100.00","-101671.20","223","1"
"1569","S6084789","18/10/2025","","NEFT-UTIBN62025101871153155-GOOGLEINDIADIGITAL S","","900.00","-100771.20","223","1"
"1570","S6085028","18/10/2025","","NEFT-UTIBN62025101871156219-GOOGLEINDIADIGITAL S","","125.00","-100646.20","223","1"
"1571","S6204893","18/10/2025","","NEFT-UTIBN62025101871880127-GOOGLEINDIADIGITAL S","","420.00","-100226.20","223","1"
"1572","S6236396","18/10/2025","","NEFT-UTIBN62025101872109798-GOOGLEINDIADIGITAL S","","200.00","-100026.20","223","1"
"1573","S6266839","18/10/2025","","NEFT-UTIBN62025101872431525-GOOGLEINDIADIGITAL S","","6175.00","-93851.20","224","1"
"1574","S6598599","19/10/2025","","NEFT-UTIBN62025101981555513-GOOGLEINDIADIGITAL S","","1580.00","-92271.20","224","1"
"1575","S6612409","19/10/2025","","NEFT-UTIBN62025101981616984-GOOGLEINDIADIGITAL S","","65.00","-92206.20","224","1"
"1576","S6628934","19/10/2025","","NEFT-UTIBN62025101981785392-GOOGLEINDIADIGITAL S","","100.00","-92106.20","224","1"
"1577","S6642758","19/10/2025","","NEFT-UTIBN62025101981819113-GOOGLEINDIADIGITAL S","","890.00","-91216.20","224","1"
"1578","S6661605","19/10/2025","","NEFT-UTIBN62025101982033721-GOOGLEINDIADIGITAL S","","300.00","-90916.20","224","1"
"1579","S6789644","19/10/2025","","NEFT-UTIBN62025101982949193-GOOGLEINDIADIGITAL S","","800.00","-90116.20","224","1"
"1580","S6790674","19/10/2025","","NEFT-UTIBN62025101983017709-GOOGLEINDIADIGITAL S","","175.00","-89941.20","225","1"
"1581","S7239277","20/10/2025","","NEFT-UTIBN62025102092357992-GOOGLEINDIADIGITAL S","","1495.00","-88446.20","225","1"
"1582","S7275567","20/10/2025","","NEFT-UTIBN62025102092710781-GOOGLEINDIADIGITAL S","","1200.00","-87246.20","225","1"
"1583","S7276740","20/10/2025","","NEFT-UTIBN62025102092750887-GOOGLEINDIADIGITAL S","","900.00","-86346.20","225","1"
"1584","S7407127","20/10/2025","","NEFT-UTIBN62025102093652055-GOOGLEINDIADIGITAL S","","1200.00","-85146.20","225","1"
"1585","S7458201","20/10/2025","","NEFT-UTIBN62025102094051185-GOOGLEINDIADIGITAL S","","175.00","-84971.20","225","1"
"1586","S7531986","20/10/2025","","NEFT-UTIBN62025102094799739-GOOGLEINDIADIGITAL S","","50.00","-84921.20","225","1"
"1587","S7886533","21/10/2025","","NEFT-UTIBN62025102103797170-GOOGLEINDIADIGITAL S","","2000.00","-82921.20","226","1"
"1588","S7897096","21/10/2025","","NEFT-UTIBN62025102103896771-GOOGLEINDIADIGITAL S","","3700.00","-79221.20","226","1"
"1589","S7909391","21/10/2025","","NEFT-UTIBN62025102103956560-GOOGLEINDIADIGITAL S","","125.00","-79096.20","226","1"
"1590","S7925574","21/10/2025","","NEFT-UTIBN62025102104153723-GOOGLEINDIADIGITAL S","","6225.00","-72871.20","226","1"
"1591","S7955518","21/10/2025","","NEFT-UTIBN62025102104299939-GOOGLEINDIADIGITAL S","","65.00","-72806.20","226","1"
"1592","S8006618","21/10/2025","","NEFT-UTIBN62025102104664331-GOOGLEINDIADIGITAL S","","80.00","-72726.20","226","1"
"1593","S8022742","21/10/2025","","NEFT-UTIBN62025102104798077-GOOGLEINDIADIGITAL S","","1415.00","-71311.20","226","1"
"1594","S8039492","21/10/2025","","NEFT-UTIBN62025102104901098-GOOGLEINDIADIGITAL S","","800.00","-70511.20","227","1"
"1595","S8039548","21/10/2025","","NEFT-UTIBN62025102104904448-GOOGLEINDIADIGITAL S","","300.00","-70211.20","227","1"
"1596","S8039980","21/10/2025","","NEFT-UTIBN62025102104921890-GOOGLEINDIADIGITAL S","","220.00","-69991.20","227","1"
"1597","S8114011","21/10/2025","","MMT/IMPS/529415838607/paymenttowardsi/SMENTERPRI/Y","20000.00","","-89991.20","227","1"
"1598","S8115546","21/10/2025","","MMT/IMPS/529415844283/transfertoown/TIRUPATIAU/SBI","16000.00","","-105991.20","227","1"
"1599","S8151340","21/10/2025","","NEFT-UTIBN62025102105585735-GOOGLEINDIADIGITAL S","","9600.00","-96391.20","227","1"
"1600","S8182772","21/10/2025","","NEFT-UTIBN62025102105816647-GOOGLEINDIADIGITAL S","","1435.00","-94956.20","227","1"
"1601","S8513434","22/10/2025","","NEFT-UTIBN62025102213949578-GOOGLEINDIADIGITAL S","","1575.00","-93381.20","228","1"
"1602","S8572828","22/10/2025","","NEFT-UTIBN62025102214300061-GOOGLEINDIADIGITAL S","","375.00","-93006.20","228","1"
"1603","S8573991","22/10/2025","","NEFT-UTIBN62025102214374714-GOOGLEINDIADIGITAL S","","2725.00","-90281.20","228","1"
"1604","S8592841","22/10/2025","","NEFT-UTIBN62025102214555425-GOOGLEINDIADIGITAL S","","3300.00","-86981.20","228","1"
"1605","S8633038","22/10/2025","","NEFT-UTIBN62025102214903559-GOOGLEINDIADIGITAL S","","950.00","-86031.20","228","1"
"1606","S8685701","22/10/2025","","NEFT-UTIBN62025102215240474-GOOGLEINDIADIGITAL S","","520.00","-85511.20","228","1"
"1607","S8704325","22/10/2025","","INF/INFT/042060335231/paymenttowardsi/TYRESALES1","15378.00","","-100889.20","228","1"
"1608","S8718723","22/10/2025","","NEFT-UTIBN62025102215438844-GOOGLEINDIADIGITAL S","","2000.00","-98889.20","229","1"
"1609","S8772757","22/10/2025","","NEFT-UTIBN62025102215917980-GOOGLEINDIADIGITAL S","","475.00","-98414.20","229","1"
"1610","S8833569","22/10/2025","","NEFT-UTIBN62025102216410238-GOOGLEINDIADIGITAL S","","2800.00","-95614.20","229","1"
"1611","S8863048","22/10/2025","","MMT/IMPS/529520923721/ReqPay/tirupatiau/State Bank","","10000.00","-85614.20","229","1"
"1612","S9135281","23/10/2025","","NEFT-UTIBN62025102324271379-GOOGLEINDIADIGITAL S","","5270.00","-80344.20","229","1"
"1613","S9135204","23/10/2025","","NEFT-UTIBN62025102324278362-GOOGLEINDIADIGITAL S","","440.00","-79904.20","229","1"
"1614","S9189698","23/10/2025","","NEFT-UTIBN62025102324568934-GOOGLEINDIADIGITAL S","","370.00","-79534.20","229","1"
"1615","S9230526","23/10/2025","","NEFT-UTIBN62025102324731167-GOOGLEINDIADIGITAL S","","1175.00","-78359.20","230","1"
"1616","S9260552","23/10/2025","","NEFT-UTIBN62025102325052003-GOOGLEINDIADIGITAL S","","280.00","-78079.20","230","1"
"1617","S9261424","23/10/2025","","MMT/IMPS/529612785191/paymenttowardsi/RATNAENTER/H","9573.00","","-87652.20","230","1"
"1618","S9262820","23/10/2025","","MMT/IMPS/529612789863/paymenttowardsi/RATNAENTER/H","35060.00","","-122712.20","230","1"
"1619","S9263442","23/10/2025","","MMT/IMPS/529612790840/paymenttowardsi/RATNAENTER/H","3.00","","-122715.20","230","1"
"1620","S9313886","23/10/2025","","NEFT-UTIBN62025102325337428-GOOGLEINDIADIGITAL S","","230.00","-122485.20","230","1"
"1621","S9335816","23/10/2025","","NEFT-UTIBN62025102325484813-GOOGLEINDIADIGITAL S","","880.00","-121605.20","230","1"
"1622","S9333757","23/10/2025","","UPI/529644157425/none/maklubes@icici/ICICIBank LT","","300.00","-121305.20","231","1"
"1623","S9336543","23/10/2025","","UPI/529644158557/none/maklubes@icici/ICICIBank LT","","40.00","-121265.20","231","1"
"1624","S9396907","23/10/2025","","NEFT-UTIBN62025102325889329-GOOGLEINDIADIGITAL S","","270.00","-120995.20","231","1"
"1625","S9482860","23/10/2025","","NEFT-UTIBN62025102326441588-GOOGLEINDIADIGITAL S","","1700.00","-119295.20","231","1"
"1626","S9485368","23/10/2025","","MMT/IMPS/529617817648/ReqPay/tirupatiau/State Bank","","21000.00","-98295.20","231","1"
"1627","S9486238","23/10/2025","","MMT/IMPS/529617353096/paymenttowardsi/CHAMPARANT/H","28740.00","","-127035.20","231","1"
"1628","S9504361","23/10/2025","","NEFT-UTIBN62025102326598991-GOOGLEINDIADIGITAL S","","500.00","-126535.20","231","1"
"1629","S9504437","23/10/2025","","NEFT-UTIBN62025102326597333-GOOGLEINDIADIGITAL S","","500.00","-126035.20","232","1"
"1630","S9526312","23/10/2025","","NEFT-UTIBN62025102326733197-GOOGLEINDIADIGITAL S","","60.00","-125975.20","232","1"
"1631","S9597441","23/10/2025","","UPI/529625128394/PGWI013287302L/deut2001030000@/D","","20.00","-125955.20","232","1"
"1632","S9909202","24/10/2025","","NEFT-UTIBN62025102435172332-GOOGLEINDIADIGITAL S","","745.00","-125210.20","232","1"
"1633","S9949901","24/10/2025","","NEFT-UTIBN62025102435522143-GOOGLEINDIADIGITAL S","","120.00","-125090.20","232","1"
"1634","S9967680","24/10/2025","","NEFT-UTIBN62025102435597625-GOOGLEINDIADIGITAL S","","1150.00","-123940.20","232","1"
"1635","S128148","24/10/2025","","NEFT-UTIBN62025102436583161-GOOGLEINDIADIGITAL S","","90.00","-123850.20","232","1"
"1636","S128480","24/10/2025","","NEFT-UTIBN62025102436593597-GOOGLEINDIADIGITAL S","","2960.00","-120890.20","233","1"
"1637","S216174","24/10/2025","","NEFT-UTIBN62025102437038489-GOOGLEINDIADIGITAL S","","310.00","-120580.20","233","1"
"1638","S216968","24/10/2025","","NEFT-UTIBN62025102437050071-GOOGLEINDIADIGITAL S","","1500.00","-119080.20","233","1"
"1639","S239478","24/10/2025","","NEFT-UTIBN62025102437148667-GOOGLEINDIADIGITAL S","","250.00","-118830.20","233","1"
"1640","S277555","24/10/2025","","NEFT-UTIBN62025102437457442-GOOGLEINDIADIGITAL S","","20.00","-118810.20","233","1"
"1641","S305683","24/10/2025","","NEFT-UTIBN62025102437491650-GOOGLEINDIADIGITAL S","","1000.00","-117810.20","233","1"
"1642","S311042","24/10/2025","","NEFT-UTIBN62025102437540996-GOOGLEINDIADIGITAL S","","1850.00","-115960.20","233","1"
"1643","S313140","24/10/2025","","NEFT-UTIBN62025102437577425-GOOGLEINDIADIGITAL S","","415.00","-115545.20","234","1"
"1644","S332274","24/10/2025","","NEFT-UTIBN62025102437708697-GOOGLEINDIADIGITAL S","","1350.00","-114195.20","234","1"
"1645","S337250","24/10/2025","","NEFT-UTIBN62025102437804307-GOOGLEINDIADIGITAL S","","700.00","-113495.20","234","1"
"1646","S337446","24/10/2025","","NEFT-UTIBN62025102437808072-GOOGLEINDIADIGITAL S","","25.00","-113470.20","234","1"
"1647","S339358","24/10/2025","","NEFT-UTIBN62025102437843148-GOOGLEINDIADIGITAL S","","942.00","-112528.20","234","1"
"1648","S341289","24/10/2025","","MMT/IMPS/529717468649/paymenttowardsi/RATNAENTER/H","7626.00","","-120154.20","234","1"
"1649","S365793","24/10/2025","","NEFT-UTIBN62025102438006006-GOOGLEINDIADIGITAL S","","1825.00","-118329.20","234","1"
"1650","S384136","24/10/2025","","MMT/IMPS/529718909589/ReqPay/tirupatiau/State Bank","","12000.00","-106329.20","235","1"
"1651","S787407","25/10/2025","","NEFT-UTIBN62025102547217787-GOOGLEINDIADIGITAL S","","1700.00","-104629.20","235","1"
"1652","S830491","25/10/2025","","NEFT-UTIBN62025102547444156-GOOGLEINDIADIGITAL S","","260.00","-104369.20","235","1"
"1653","S831170","25/10/2025","","NEFT-UTIBN62025102547477540-GOOGLEINDIADIGITAL S","","1550.00","-102819.20","235","1"
"1654","S849536","25/10/2025","","NEFT-UTIBN62025102547574309-GOOGLEINDIADIGITAL S","","8140.00","-94679.20","235","1"
"1655","S935353","25/10/2025","","NEFT-UTIBN62025102547943247-GOOGLEINDIADIGITAL S","","25.00","-94654.20","235","1"
"1656","S1020091","25/10/2025","","NEFT-UTIBN62025102548583436-GOOGLEINDIADIGITAL S","","2000.00","-92654.20","235","1"
"1657","S1311259","26/10/2025","","NEFT-UTIBN62025102657159263-GOOGLEINDIADIGITAL S","","40.00","-92614.20","236","1"
"1658","S1347003","26/10/2025","","NEFT-UTIBN62025102657452703-GOOGLEINDIADIGITAL S","","205.00","-92409.20","236","1"
"1659","S1361321","26/10/2025","","MMT/IMPS/529912332988/paymenttowardsi/KRISHNAAUT/S","24700.00","","-117109.20","236","1"
"1660","S1372101","26/10/2025","","NEFT-UTIBN62025102657752560-GOOGLEINDIADIGITAL S","","2800.00","-114309.20","236","1"
"1661","S1447011","26/10/2025","","NEFT-UTIBN62025102658329074-GOOGLEINDIADIGITAL S","","195.00","-114114.20","236","1"
"1662","S1456401","26/10/2025","","NEFT-UTIBN62025102658358721-GOOGLEINDIADIGITAL S","","200.00","-113914.20","236","1"
"1663","S1850175","27/10/2025","","NEFT-UTIBN62025102766792538-GOOGLEINDIADIGITAL S","","1300.00","-112614.20","236","1"
"1664","S1850364","27/10/2025","","NEFT-UTIBN62025102766802412-GOOGLEINDIADIGITAL S","","260.00","-112354.20","237","1"
"1665","S1850543","27/10/2025","","NEFT-UTIBN62025102766810082-GOOGLEINDIADIGITAL S","","100.00","-112254.20","237","1"
"1666","S1859023","27/10/2025","","NEFT-UTIBN62025102766816522-GOOGLEINDIADIGITAL S","","1000.00","-111254.20","237","1"
"1667","S1939073","27/10/2025","","NEFT-UTIBN62025102767257523-GOOGLEINDIADIGITAL S","","1400.00","-109854.20","237","1"
"1668","S1940138","27/10/2025","","NEFT-UTIBN62025102767291055-GOOGLEINDIADIGITAL S","","800.00","-109054.20","237","1"
"1669","S2014828","27/10/2025","","NEFT-UTIBN62025102767657739-GOOGLEINDIADIGITAL S","","2900.00","-106154.20","237","1"
"1670","S2016508","27/10/2025","","NEFT-UTIBN62025102767689558-GOOGLEINDIADIGITAL S","","220.00","-105934.20","237","1"
"1671","S2818869","28/10/2025","","NEFT-UTIBN62025102878519032-GOOGLEINDIADIGITAL S","","1065.00","-104869.20","238","1"
"1672","S2834980","28/10/2025","","NEFT-UTIBN62025102878569217-GOOGLEINDIADIGITAL S","","800.00","-104069.20","238","1"
"1673","S2894582","28/10/2025","","NEFT-UTIBN62025102878862176-GOOGLEINDIADIGITAL S","","620.00","-103449.20","238","1"
"1674","S2894594","28/10/2025","","NEFT-UTIBN62025102878867362-GOOGLEINDIADIGITAL S","","20.00","-103429.20","238","1"
"1675","S2951924","28/10/2025","","NEFT-UTIBN62025102879193901-GOOGLEINDIADIGITAL S","","1865.00","-101564.20","238","1"
"1676","S2982159","28/10/2025","","NEFT-UTIBN62025102879296578-GOOGLEINDIADIGITAL S","","6300.00","-95264.20","238","1"
"1677","S3010245","28/10/2025","","NEFT-UTIBN62025102879491559-GOOGLEINDIADIGITAL S","","300.00","-94964.20","238","1"
"1678","S3652572","29/10/2025","","NEFT-UTIBN62025102989379207-GOOGLEINDIADIGITAL S","","265.00","-94699.20","239","1"
"1679","S3674295","29/10/2025","","NEFT-UTIBN62025102989516336-GOOGLEINDIADIGITAL S","","200.00","-94499.20","239","1"
"1680","S3724463","29/10/2025","","NEFT-UTIBN62025102989679858-GOOGLEINDIADIGITAL S","","1400.00","-93099.20","239","1"
"1681","S3926074","29/10/2025","","NEFT-UTIBN62025102991005669-GOOGLEINDIADIGITAL S","","25.00","-93074.20","239","1"
"1682","S3948875","29/10/2025","","NEFT-UTIBN62025102991110115-GOOGLEINDIADIGITAL S","","1500.00","-91574.20","239","1"
"1683","S4020282","29/10/2025","","NEFT-UTIBN62025102991437784-GOOGLEINDIADIGITAL S","","305.00","-91269.20","239","1"
"1684","S4039888","29/10/2025","","NEFT-UTIBN62025102991556135-GOOGLEINDIADIGITAL S","","4500.00","-86769.20","239","1"
"1685","S4043412","29/10/2025","","NEFT-UTIBN62025102991621238-GOOGLEINDIADIGITAL S","","9.00","-86760.20","240","1"
"1686","S4553030","30/10/2025","","NEFT-UTIBN62025103001058950-GOOGLEINDIADIGITAL S","","2100.00","-84660.20","240","1"
"1687","S4621809","30/10/2025","","NEFT-UTIBN62025103001520000-GOOGLEINDIADIGITAL S","","4450.00","-80210.20","240","1"
"1688","S4622646","30/10/2025","","INF/INFT/042120574541/paymenttowardsi/TYRECENTRE2","17166.00","","-97376.20","240","1"
"1689","S4624417","30/10/2025","","MMT/IMPS/530312761579/ReqPay/tirupatiau/State Bank","","15000.00","-82376.20","240","1"
"1690","S4627228","30/10/2025","","MMT/IMPS/530312797906/paymenttowardsi/VKENTERPRI/H","42277.00","","-124653.20","240","1"
"1691","S4836783","30/10/2025","","NEFT-UTIBN62025103002592002-GOOGLEINDIADIGITAL S","","525.00","-124128.20","240","1"
"1692","S4878355","30/10/2025","","MMT/IMPS/530316921387/ReqPay/tirupatiau/State Bank","","27000.00","-97128.20","240","1"
"1693","S4886994","30/10/2025","","MMT/IMPS/530316376888/paymenttowardsi/MARCPATNA/UT","18010.00","","-115138.20","241","1"
"1694","S4933616","30/10/2025","","NEFT-UTIBN62025103003038572-GOOGLEINDIADIGITAL S","","1000.00","-114138.20","241","1"
"1695","S5509263","31/10/2025","","NEFT-UTIBN62025103112200936-GOOGLEINDIADIGITAL S","","260.00","-113878.20","241","1"
"1696","S5551570","31/10/2025","","NEFT-UTIBN62025103112296830-GOOGLEINDIADIGITAL S","","1980.00","-111898.20","241","1"
"1697","S6077904","31/10/2025","","NEFT-UTIBN62025103114492936-GOOGLEINDIADIGITAL S","","1550.00","-110348.20","241","1"
"1698","S6097410","31/10/2025","","NEFT-UTIBN62025103114576925-GOOGLEINDIADIGITAL S","","10000.00","-100348.20","241","1"
"1699","S6135241","31/10/2025","","MMT/IMPS/530416605096/paymenttowardsi/CHAMPARANT/H","10437.00","","-110785.20","241","1"
"1700","S6235281","31/10/2025","","MMT/IMPS/530417698473/ReqPay/tirupatiau/State Bank","","99000.00","-11785.20","242","1"
"1701","S6328102","31/10/2025","","NEFT-UTIBN62025103115350696-GOOGLEINDIADIGITAL S","","375.00","-11410.20","242","1"
"1702","S6814242","01/11/2025","","NEFT-UTIBN62025110125127724-GOOGLEINDIADIGITAL S","","500.00","-10910.20","242","1"
"1703","S6961908","01/11/2025","","NEFT-UTIBN62025110125527775-GOOGLEINDIADIGITAL S","","1450.00","-9460.20","242","1"
"1704","S6984639","01/11/2025","","MMT/IMPS/530511148756/paymenttowardsi/valvoline/HD","11500.00","","-20960.20","242","1"
"1705","S6988026","01/11/2025","","INF/INFT/042148666791/paymenttowardsi/TYRESALES1","35639.00","","-56599.20","242","1"
"1706","S6995164","01/11/2025","","MMT/IMPS/530511698689/ReqPay/tirupatiau/State Bank","","20000.00","-36599.20","242","1"
"1707","S7053042","01/11/2025","","MMT/IMPS/530512314591/paymenttowardsi/HARIENTERP/B","9200.00","","-45799.20","242","1"
"1708","S7053915","01/11/2025","","MMT/IMPS/530512315442/paymenttowardsi/HARIENTERP/B","31819.00","","-77618.20","243","1"
"1709","S7054819","01/11/2025","","MMT/IMPS/530512319048/paymenttowardsi/HARIENTERP/B","1326.00","","-78944.20","243","1"
"1710","S7056070","01/11/2025","","MMT/IMPS/530512318652/paymenttowardsi/HARIENTERP/B","20436.00","","-99380.20","243","1"
"1711","S7057175","01/11/2025","","MMT/IMPS/530512321338/paymenttowardsi/HARIENTERP/B","9929.00","","-109309.20","243","1"
"1712","S7100483","01/11/2025","","NEFT-UTIBN62025110126290915-GOOGLEINDIADIGITAL S","","2000.00","-107309.20","243","1"
"1713","S7228515","01/11/2025","","NEFT-UTIBN62025110126801812-GOOGLEINDIADIGITAL S","","2000.00","-105309.20","243","1"
"1714","S7228522","01/11/2025","","NEFT-UTIBN62025110126801371-GOOGLEINDIADIGITAL S","","1500.00","-103809.20","243","1"
"1715","S7283838","01/11/2025","","NEFT-UTIBN62025110127007172-GOOGLEINDIADIGITAL S","","1500.00","-102309.20","243","1"
"1716","S7319044","01/11/2025","","NEFT-UTIBN62025110127239018-GOOGLEINDIADIGITAL S","","100.00","-102209.20","244","1"
"1717","S7349656","01/11/2025","","NEFT-UTIBN62025110127399728-GOOGLEINDIADIGITAL S","","60.00","-102149.20","244","1"
"1718","S7350308","01/11/2025","","NEFT-UTIBN62025110127406503-GOOGLEINDIADIGITAL S","","540.00","-101609.20","244","1"
"1719","S7904508","02/11/2025","","NEFT-UTIBN62025110236442124-GOOGLEINDIADIGITAL S","","75.00","-101534.20","244","1"
"1720","S7951911","02/11/2025","","NEFT-UTIBN62025110236665867-GOOGLEINDIADIGITAL S","","125.00","-101409.20","244","1"
"1721","S7953333","02/11/2025","","NEFT-UTIBN62025110236726802-GOOGLEINDIADIGITAL S","","350.00","-101059.20","244","1"
"1722","S7987222","02/11/2025","","NEFT-UTIBN62025110236912545-GOOGLEINDIADIGITAL S","","750.00","-100309.20","244","1"
"1723","S8006284","02/11/2025","","NEFT-UTIBN62025110237038863-GOOGLEINDIADIGITAL S","","240.00","-100069.20","245","1"
"1724","S8079614","02/11/2025","","NEFT-UTIBN62025110237497134-GOOGLEINDIADIGITAL S","","1500.00","-98569.20","245","1"
"1725","S8091973","02/11/2025","","NEFT-UTIBN62025110237528300-GOOGLEINDIADIGITAL S","","1230.00","-97339.20","245","1"
"1726","S8092180","02/11/2025","","NEFT-UTIBN62025110237539834-GOOGLEINDIADIGITAL S","","210.00","-97129.20","245","1"
"1727","S8092226","02/11/2025","","NEFT-UTIBN62025110237549044-GOOGLEINDIADIGITAL S","","100.00","-97029.20","245","1"
"1728","S8104224","02/11/2025","","NEFT-UTIBN62025110237607003-GOOGLEINDIADIGITAL S","","15.00","-97014.20","245","1"
"1729","S8117067","02/11/2025","","NEFT-UTIBN62025110237730524-GOOGLEINDIADIGITAL S","","1900.00","-95114.20","245","1"
"1730","S8129163","02/11/2025","","NEFT-UTIBN62025110237804681-GOOGLEINDIADIGITAL S","","3000.00","-92114.20","246","1"
"1731","S8130249","02/11/2025","","NEFT-UTIBN62025110237864955-GOOGLEINDIADIGITAL S","","1550.00","-90564.20","246","1"
"1732","S8372735","03/11/2025","","133705004214:Int.Coll:03-10-2025to 02-11-2025","1080.00","","-91644.20","246","1"
"1733","S8815122","03/11/2025","","NEFT-UTIBN62025110346903317-GOOGLEINDIADIGITAL S","","670.00","-90974.20","246","1"
"1734","S8865551","03/11/2025","","NEFT-UTIBN62025110346984186-GOOGLEINDIADIGITAL S","","1100.00","-89874.20","246","1"
"1735","S8891002","03/11/2025","","NEFT-UTIBN62025110347133956-GOOGLEINDIADIGITAL S","","300.00","-89574.20","246","1"
"1736","S8897765","03/11/2025","","MMT/IMPS/530712336251/paymenttowardsi/CHAMPARANT/H","10000.00","","-99574.20","246","1"
"1737","S8954988","03/11/2025","","NEFT-UTIBN62025110347518950-GOOGLEINDIADIGITAL S","","3000.00","-96574.20","247","1"
"1738","S8957180","03/11/2025","","NEFT-UTIBN62025110347556799-GOOGLEINDIADIGITAL S","","364.00","-96210.20","247","1"
"1739","S8981707","03/11/2025","","NEFT-UTIBN62025110347750064-GOOGLEINDIADIGITAL S","","100.00","-96110.20","247","1"
"1740","S8990766","03/11/2025","","UPI/530725088244/PGWI013336793L/deut2001030000@/D","","40.00","-96070.20","247","1"
"1741","S9040862","03/11/2025","","NEFT-UTIBN62025110348159571-GOOGLEINDIADIGITAL S","","110.00","-95960.20","247","1"
"1742","S9079209","03/11/2025","","MMT/IMPS/530715812563/ReqPay/tirupatiau/State Bank","","35786.00","-60174.20","247","1"
"1743","S9102527","03/11/2025","","NEFT-UTIBN62025110348576517-GOOGLEINDIADIGITAL S","","210.00","-59964.20","247","1"
"1744","S9192214","03/11/2025","","NEFT-UTIBN62025110348936619-GOOGLEINDIADIGITAL S","","50.00","-59914.20","248","1"
"1745","S9265683","03/11/2025","","NEFT-UTIBN62025110349444756-GOOGLEINDIADIGITAL S","","2000.00","-57914.20","248","1"
"1746","S9893416","04/11/2025","","NEFT-UTIBN62025110458888148-GOOGLEINDIADIGITAL S","","200.00","-57714.20","248","1"
"1747","S9893979","04/11/2025","","NEFT-UTIBN62025110458890920-GOOGLEINDIADIGITAL S","","30.00","-57684.20","248","1"
"1748","S9895876","04/11/2025","","NEFT-UTIBN62025110458918890-GOOGLEINDIADIGITAL S","","20.00","-57664.20","248","1"
"1749","S201941","04/11/2025","","NEFT-UTIBN62025110460566506-GOOGLEINDIADIGITAL S","","1700.00","-55964.20","248","1"
"1750","S274270","04/11/2025","","NEFT-UTIBN62025110460917306-GOOGLEINDIADIGITAL S","","8160.00","-47804.20","248","1"
"1751","S277129","04/11/2025","","NEFT-UTIBN62025110460955829-GOOGLEINDIADIGITAL S","","715.00","-47089.20","249","1"
"1752","S281093","04/11/2025","","NEFT-UTIBN62025110460990376-GOOGLEINDIADIGITAL S","","10.00","-47079.20","249","1"
"1753","S359666","04/11/2025","","NEFT-UTIBN62025110461369405-GOOGLEINDIADIGITAL S","","100.00","-46979.20","249","1"
"1754","S368917","04/11/2025","","NEFT-UTIBN62025110461449858-GOOGLEINDIADIGITAL S","","125.00","-46854.20","249","1"
"1755","S426419","04/11/2025","","NEFT-UTIBN62025110461747743-GOOGLEINDIADIGITAL S","","1700.00","-45154.20","249","1"
"1756","S827476","05/11/2025","","BIL/PersonalLoanXX05537EMI Tiru","11019.00","","-56173.20","249","1"
"1757","S1107348","05/11/2025","","NEFT-UTIBN62025110570654992-GOOGLEINDIADIGITAL S","","1245.00","-54928.20","249","1"
"1758","S1320713","05/11/2025","","NEFT-UTIBN62025110571219886-GOOGLEINDIADIGITAL S","","240.00","-54688.20","250","1"
"1759","S1408691","05/11/2025","","NEFT-UTIBN62025110571677914-GOOGLEINDIADIGITAL S","","1400.00","-53288.20","250","1"
"1760","S1518881","05/11/2025","","MMT/IMPS/530915375076/paymenttowardsi/VKENTERPRI/H","30000.00","","-83288.20","250","1"
"1761","S1520360","05/11/2025","","MMT/IMPS/530915376757/paymenttowardsi/HARIENTERP/B","28107.00","","-111395.20","250","1"
"1762","S1520910","05/11/2025","","MMT/IMPS/530915380620/paymenttowardsi/HARIENTERP/B","4212.00","","-115607.20","250","1"
"1763","S1521351","05/11/2025","","MMT/IMPS/530915382857/paymenttowardsi/HARIENTERP/B","13336.00","","-128943.20","250","1"
"1764","S1522245","05/11/2025","","MMT/IMPS/530915742781/ReqPay/tirupatiau/State Bank","","22000.00","-106943.20","250","1"
"1765","S1523139","05/11/2025","","MMT/IMPS/530915388727/paymenttowardsi/HARIENTERP/B","16414.00","","-123357.20","250","1"
"1766","S1575956","05/11/2025","","NEFT-UTIBN62025110572116232-GOOGLEINDIADIGITAL S","","56.00","-123301.20","251","1"
"1767","S1602154","05/11/2025","","NEFT-UTIBN62025110572983198-GOOGLEINDIADIGITAL S","","240.00","-123061.20","251","1"
"1768","S1650741","05/11/2025","","NEFT-UTIBN62025110573236014-GOOGLEINDIADIGITAL S","","1375.00","-121686.20","251","1"
"1769","S2353948","06/11/2025","","NEFT-UTIBN62025110682816204-GOOGLEINDIADIGITAL S","","129.00","-121557.20","251","1"
"1770","S2512599","06/11/2025","","NEFT-UTIBN62025110683683912-GOOGLEINDIADIGITAL S","","700.00","-120857.20","251","1"
"1771","S2513744","06/11/2025","","NEFT-UTIBN62025110683778126-GOOGLEINDIADIGITAL S","","100.00","-120757.20","251","1"
"1772","S2560682","06/11/2025","","NEFT-UTIBN62025110683953026-GOOGLEINDIADIGITAL S","","1500.00","-119257.20","251","1"
"1773","S2705903","06/11/2025","","NEFT-UTIBN62025110684550098-GOOGLEINDIADIGITAL S","","700.00","-118557.20","252","1"
"1774","S2706159","06/11/2025","","NEFT-UTIBN62025110684549242-GOOGLEINDIADIGITAL S","","280.00","-118277.20","252","1"
"1775","S2709478","06/11/2025","","NEFT-UTIBN62025110684589252-GOOGLEINDIADIGITAL S","","1000.00","-117277.20","252","1"
"1776","S2783576","06/11/2025","","NEFT-UTIBN62025110684880511-GOOGLEINDIADIGITAL S","","75.00","-117202.20","252","1"
"1777","S2976581","06/11/2025","","NEFT-UTIBN62025110686045289-GOOGLEINDIADIGITAL S","","35.00","-117167.20","252","1"
"1778","S3103251","07/11/2025","","MMT/IMPS/531100003177/IMPSP2A/CastrolIn/Standard","","180.00","-116987.20","252","1"
"1779","S3489452","07/11/2025","","NEFT-UTIBN62025110794275186-GOOGLEINDIADIGITAL S","","420.00","-116567.20","252","1"
"1780","S3601630","07/11/2025","","NEFT-UTIBN62025110794830006-GOOGLEINDIADIGITAL S","","240.00","-116327.20","253","1"
"1781","S3639563","07/11/2025","","NEFT-UTIBN62025110794905677-GOOGLEINDIADIGITAL S","","50.00","-116277.20","253","1"
"1782","S3639879","07/11/2025","","NEFT-UTIBN62025110794919134-GOOGLEINDIADIGITAL S","","60.00","-116217.20","253","1"
"1783","S3751960","07/11/2025","","NEFT-UTIBN62025110795518146-GOOGLEINDIADIGITAL S","","300.00","-115917.20","253","1"
"1784","S3936733","07/11/2025","","NEFT-UTIBN62025110796499045-GOOGLEINDIADIGITAL S","","2500.00","-113417.20","253","1"
"1785","S3972523","07/11/2025","","NEFT-UTIBN62025110796698434-GOOGLEINDIADIGITAL S","","3000.00","-110417.20","253","1"
"1786","S3979616","07/11/2025","","NEFT-UTIBN62025110796796644-GOOGLEINDIADIGITAL S","","1500.00","-108917.20","253","1"
"1787","S4020069","07/11/2025","","NEFT-UTIBN62025110796982248-GOOGLEINDIADIGITAL S","","925.00","-107992.20","254","1"
"1788","S4075749","07/11/2025","","NEFT-UTIBN62025110797264734-GOOGLEINDIADIGITAL S","","280.00","-107712.20","254","1"
"1789","S4090982","07/11/2025","","NEFT-UTIBN62025110797447558-GOOGLEINDIADIGITAL S","","50.00","-107662.20","254","1"
"1790","S4589205","08/11/2025","","NEFT-UTIBN62025110810063515-GOOGLEINDIADIGITAL S","","1800.00","-105862.20","254","1"
"1791","S4602913","08/11/2025","","NEFT-UTIBN62025110810131923-GOOGLEINDIADIGITAL S","","260.00","-105602.20","254","1"
"1792","S4639517","08/11/2025","","NEFT-UTIBN62025110810430957-GOOGLEINDIADIGITAL S","","200.00","-105402.20","254","1"
"1793","S4680885","08/11/2025","","NEFT-UTIBN62025110810569347-GOOGLEINDIADIGITAL S","","4800.00","-100602.20","254","1"
"1794","S4833113","08/11/2025","","NEFT-UTIBN62025110811518181-GOOGLEINDIADIGITAL S","","65.00","-100537.20","255","1"
"1795","S4896114","08/11/2025","","NEFT-UTIBN62025110812040597-GOOGLEINDIADIGITAL S","","3400.00","-97137.20","255","1"
"1796","S4912009","08/11/2025","","NEFT-UTIBN62025110812057840-GOOGLEINDIADIGITAL S","","1450.00","-95687.20","255","1"
"1797","S4936822","08/11/2025","","NEFT-UTIBN62025110812265003-GOOGLEINDIADIGITAL S","","1200.00","-94487.20","255","1"
"1798","S4955679","08/11/2025","","NEFT-UTIBN62025110812341980-GOOGLEINDIADIGITAL S","","1550.00","-92937.20","255","1"
"1799","S5238447","09/11/2025","","NEFT-UTIBN62025110921093781-GOOGLEINDIADIGITAL S","","4655.00","-88282.20","255","1"
"1800","S5313507","09/11/2025","","NEFT-UTIBN62025110921552781-GOOGLEINDIADIGITAL S","","1350.00","-86932.20","255","1"
"1801","S5353707","09/11/2025","","NEFT-UTIBN62025110921828509-GOOGLEINDIADIGITAL S","","20.00","-86912.20","256","1"
"1802","S5366776","09/11/2025","","NEFT-UTIBN62025110921969164-GOOGLEINDIADIGITAL S","","4000.00","-82912.20","256","1"
"1803","S5367938","09/11/2025","","NEFT-UTIBN62025110922044400-GOOGLEINDIADIGITAL S","","5300.00","-77612.20","256","1"
"1804","S5462105","09/11/2025","","NEFT-UTIBN62025110922742902-GOOGLEINDIADIGITAL S","","30.00","-77582.20","256","1"
"1805","S5474537","09/11/2025","","NEFT-UTIBN62025110922756537-GOOGLEINDIADIGITAL S","","150.00","-77432.20","256","1"
"1806","S5475336","09/11/2025","","NEFT-UTIBN62025110922832793-GOOGLEINDIADIGITAL S","","2000.00","-75432.20","256","1"
"1807","S5488482","09/11/2025","","NEFT-UTIBN62025110922895957-GOOGLEINDIADIGITAL S","","200.00","-75232.20","256","1"
"1808","S5631397","10/11/2025","","MMT/IMPS/531400003337/IMPSP2A/CastrolIn/Standard","","100.00","-75132.20","257","1"
"1809","S6152213","10/11/2025","","NEFT-UTIBN62025111031393106-GOOGLEINDIADIGITAL S","","300.00","-74832.20","257","1"
"1810","S6168774","10/11/2025","","NEFT-UTIBN62025111031487631-GOOGLEINDIADIGITAL S","","125.00","-74707.20","257","1"
"1811","S6172427","10/11/2025","","NEFT-UTIBN62025111031572510-GOOGLEINDIADIGITAL S","","160.00","-74547.20","257","1"
"1812","S6250562","10/11/2025","","NEFT-UTIBN62025111031770424-GOOGLEINDIADIGITAL S","","1980.00","-72567.20","257","1"
"1813","S6280860","10/11/2025","","NEFT-UTIBN62025111031893829-GOOGLEINDIADIGITAL S","","1800.00","-70767.20","257","1"
"1814","S6327838","10/11/2025","","NEFT-UTIBN62025111032068555-GOOGLEINDIADIGITAL S","","2000.00","-68767.20","257","1"
"1815","S6442062","10/11/2025","","NEFT-UTIBN62025111032755245-GOOGLEINDIADIGITAL S","","260.00","-68507.20","258","1"
"1816","S6467948","10/11/2025","","NEFT-UTIBN62025111032839897-GOOGLEINDIADIGITAL S","","225.00","-68282.20","258","1"
"1817","S6498370","10/11/2025","","UPI/531425107142/PGWI013370345L/deut2001030000@/D","","60.00","-68222.20","258","1"
"1818","S6542022","10/11/2025","","NEFT-UTIBN62025111033317949-GOOGLEINDIADIGITAL S","","480.00","-67742.20","258","1"
"1819","S6597797","10/11/2025","","NEFT-UTIBN62025111033693436-GOOGLEINDIADIGITAL S","","200.00","-67542.20","258","1"
"1820","S6656412","10/11/2025","","NEFT-UTIBN62025111034065327-GOOGLEINDIADIGITAL S","","855.00","-66687.20","258","1"
"1821","S6741531","10/11/2025","","NEFT-UTIBN62025111034459981-GOOGLEINDIADIGITAL S","","65.00","-66622.20","258","1"
"1822","S7785152","11/11/2025","","NEFT-UTIBN62025111146452818-GOOGLEINDIADIGITAL S","","280.00","-66342.20","259","1"
"1823","S8270779","12/11/2025","","NEFT-UTIBN62025111256042657-GOOGLEINDIADIGITAL S","","715.00","-65627.20","259","1"
"1824","S8310861","12/11/2025","","NEFT-UTIBN62025111256186457-GOOGLEINDIADIGITAL S","","1970.00","-63657.20","259","1"
"1825","S8483765","12/11/2025","","NEFT-UTIBN62025111257198254-GOOGLEINDIADIGITAL S","","180.00","-63477.20","259","1"
"1826","S8653015","12/11/2025","","NEFT-UTIBN62025111258326424-GOOGLEINDIADIGITAL S","","180.00","-63297.20","259","1"
"1827","S8790428","12/11/2025","","NEFT-UTIBN62025111259141914-GOOGLEINDIADIGITAL S","","220.00","-63077.20","259","1"
"1828","S8798965","12/11/2025","","NEFT-UTIBN62025111259255855-GOOGLEINDIADIGITAL S","","800.00","-62277.20","259","1"
"1829","S8826336","12/11/2025","","NEFT-UTIBN62025111259377106-GOOGLEINDIADIGITAL S","","3250.00","-59027.20","260","1"
"1830","S8826734","12/11/2025","","NEFT-UTIBN62025111259363288-GOOGLEINDIADIGITAL S","","1350.00","-57677.20","260","1"
"1831","S8808174","12/11/2025","","UPI/GULFOILL/msgulf@sc/WS-1762953/StandardC/531","","290.00","-57387.20","260","1"
"1832","S9165696","13/11/2025","","MMT/IMPS/531707723286/ReqPay/tirupatiau/State Bank","","21000.00","-36387.20","260","1"
"1833","S9213866","13/11/2025","","NEFT-UTIBN62025111368412206-GOOGLEINDIADIGITAL S","","625.00","-35762.20","260","1"
"1834","S9270580","13/11/2025","","NEFT-UTIBN62025111368778189-GOOGLEINDIADIGITAL S","","235.00","-35527.20","260","1"
"1835","S9271204","13/11/2025","","NEFT-UTIBN62025111368782950-GOOGLEINDIADIGITAL S","","150.00","-35377.20","260","1"
"1836","S9352747","13/11/2025","","INF/INFT/042305677561/paymenttowardsi/TYRESALES1","26060.00","","-61437.20","261","1"
"1837","S9402969","13/11/2025","","NEFT-UTIBN62025111369518668-GOOGLEINDIADIGITAL S","","310.00","-61127.20","261","1"
"1838","S9427253","13/11/2025","","NEFT-UTIBN62025111369591397-GOOGLEINDIADIGITAL S","","1000.00","-60127.20","261","1"
"1839","S9429888","13/11/2025","","NEFT-UTIBN62025111369656104-GOOGLEINDIADIGITAL S","","5900.00","-54227.20","261","1"
"1840","S9518304","13/11/2025","","NEFT-UTIBN62025111370233131-GOOGLEINDIADIGITAL S","","2000.00","-52227.20","261","1"
"1841","S9520186","13/11/2025","","NEFT-UTIBN62025111370257208-GOOGLEINDIADIGITAL S","","100.00","-52127.20","261","1"
"1842","S9547433","13/11/2025","","NEFT-UTIBN62025111370335914-GOOGLEINDIADIGITAL S","","595.00","-51532.20","261","1"
"1843","S9552485","13/11/2025","","NEFT-UTIBN62025111370411642-GOOGLEINDIADIGITAL S","","75.00","-51457.20","262","1"
"1844","S9572776","13/11/2025","","NEFT-UTIBN62025111370547526-GOOGLEINDIADIGITAL S","","2000.00","-49457.20","262","1"
"1845","S9602236","13/11/2025","","MMT/IMPS/531716546924/ReqPay/tirupatiau/State Bank","","15000.00","-34457.20","262","1"
"1846","S9638656","13/11/2025","","NEFT-UTIBN62025111370810200-GOOGLEINDIADIGITAL S","","220.00","-34237.20","262","1"
"1847","S9645634","13/11/2025","","NEFT-UTIBN62025111370903680-GOOGLEINDIADIGITAL S","","1850.00","-32387.20","262","1"
"1848","S223125","14/11/2025","","NEFT-UTIBN62025111480809078-GOOGLEINDIADIGITAL S","","10.00","-32377.20","262","1"
"1849","S309340","14/11/2025","","NEFT-UTIBN62025111481257248-GOOGLEINDIADIGITAL S","","295.00","-32082.20","262","1"
"1850","S313709","14/11/2025","","NEFT-UTIBN62025111481335065-GOOGLEINDIADIGITAL S","","1350.00","-30732.20","263","1"
"1851","S415744","14/11/2025","","NEFT-UTIBN62025111481998604-GOOGLEINDIADIGITAL S","","5305.00","-25427.20","263","1"
"1852","S438998","14/11/2025","","NEFT-UTIBN62025111482083982-GOOGLEINDIADIGITAL S","","19000.00","-6427.20","263","1"
"1853","S510407","14/11/2025","","NEFT-UTIBN62025111482414947-GOOGLEINDIADIGITAL S","","1500.00","-4927.20","263","1"
"1854","S554688","14/11/2025","","NEFT-UTIBN62025111482578969-GOOGLEINDIADIGITAL S","","800.00","-4127.20","263","1"
"1855","S643346","14/11/2025","","NEFT-UTIBN62025111483054356-GOOGLEINDIADIGITAL S","","200.00","-3927.20","263","1"
"1856","S736768","14/11/2025","","NEFT-UTIBN62025111483860038-GOOGLEINDIADIGITAL S","","5500.00","1572.80","263","1"
"1857","S736879","14/11/2025","","NEFT-UTIBN62025111483862513-GOOGLEINDIADIGITAL S","","50.00","1622.80","264","1"
"1858","S1074958","15/11/2025","","NEFT-AXNGG31939702532-GOOGLEINDIADIGITALSERVICE","","3530.00","5152.80","264","1"
"1859","S1161255","15/11/2025","","NEFT-AXNGG31939911097-GOOGLEINDIADIGITALSERVICE","","1000.00","6152.80","264","1"
"1860","S1164222","15/11/2025","","NEFT-AXNGG31939941585-GOOGLEINDIADIGITALSERVICE","","50.00","6202.80","264","1"
"1861","S1225936","15/11/2025","","NEFT-AXNGG31940182369-GOOGLEINDIADIGITALSERVICE","","550.00","6752.80","264","1"
"1862","S1226255","15/11/2025","","NEFT-AXNGG31940184911-GOOGLEINDIADIGITALSERVICE","","10.00","6762.80","264","1"
"1863","S1226222","15/11/2025","","NEFT-AXNGG31940186952-GOOGLEINDIADIGITALSERVICE","","1000.00","7762.80","264","1"
"1864","S1274715","15/11/2025","","NEFT-AXNGG31940366907-GOOGLEINDIADIGITALSERVICE","","775.00","8537.80","265","1"
"1865","S1298194","15/11/2025","","NEFT-AXNGG31940398488-GOOGLEINDIADIGITALSERVICE","","2000.00","10537.80","265","1"
"1866","S1299395","15/11/2025","","NEFT-AXNGG31940408655-GOOGLEINDIADIGITALSERVICE","","1290.00","11827.80","265","1"
"1867","S1397220","15/11/2025","","NEFT-AXNGG31940705602-GOOGLEINDIADIGITALSERVICE","","300.00","12127.80","265","1"
"1868","S1407951","15/11/2025","","MMT/IMPS/531916073438/paymenttowardsi/RATNAENTER/H","50000.00","","-37872.20","265","1"
"1869","S1409221","15/11/2025","","MMT/IMPS/531916076937/paymenttowardsi/RATNAENTER/H","54017.00","","-91889.20","265","1"
"1870","S1412184","15/11/2025","","MMT/IMPS/531916685023/ReqPay/tirupatiau/State Bank","","10000.00","-81889.20","265","1"
"1871","S1417616","15/11/2025","","MMT/IMPS/531916095382/paymenttowardsi/GOELENTERP/I","45093.00","","-126982.20","266","1"
"1872","S1496428","15/11/2025","","NEFT-AXNGG31941033427-GOOGLEINDIADIGITALSERVICE","","800.00","-126182.20","266","1"
"1873","S1538936","15/11/2025","","NEFT-AXNGG31941351578-GOOGLEINDIADIGITALSERVICE","","1900.00","-124282.20","266","1"
"1874","S1826222","16/11/2025","","NEFT-AXNGG32048195255-GOOGLEINDIADIGITALSERVICE","","890.00","-123392.20","266","1"
"1875","S1838165","16/11/2025","","NEFT-AXNGG32048236746-GOOGLEINDIADIGITALSERVICE","","175.00","-123217.20","266","1"
"1876","S1838252","16/11/2025","","NEFT-AXNGG32048241347-GOOGLEINDIADIGITALSERVICE","","20.00","-123197.20","266","1"
"1877","S1875105","16/11/2025","","NEFT-AXNGG32048490366-GOOGLEINDIADIGITALSERVICE","","1000.00","-122197.20","266","1"
"1878","S1875138","16/11/2025","","NEFT-AXNGG32048492363-GOOGLEINDIADIGITALSERVICE","","240.00","-121957.20","267","1"
"1879","S1886218","16/11/2025","","NEFT-AXNGG32048565129-GOOGLEINDIADIGITALSERVICE","","90.00","-121867.20","267","1"
"1880","S1908747","16/11/2025","","NEFT-AXNGG32048658733-GOOGLEINDIADIGITALSERVICE","","2000.00","-119867.20","267","1"
"1881","S1908857","16/11/2025","","NEFT-AXNGG32048658290-GOOGLEINDIADIGITALSERVICE","","134.00","-119733.20","267","1"
"1882","S1919312","16/11/2025","","NEFT-AXNGG32048714190-GOOGLEINDIADIGITALSERVICE","","5800.00","-113933.20","267","1"
"1883","S1929572","16/11/2025","","NEFT-AXNGG32048763517-GOOGLEINDIADIGITALSERVICE","","3300.00","-110633.20","267","1"
"1884","S1939304","16/11/2025","","NEFT-AXNGG32048777941-GOOGLEINDIADIGITALSERVICE","","575.00","-110058.20","267","1"
"1885","S1939897","16/11/2025","","NEFT-AXNGG32048817253-GOOGLEINDIADIGITALSERVICE","","800.00","-109258.20","268","1"
"1886","S1940051","16/11/2025","","NEFT-AXNGG32048833096-GOOGLEINDIADIGITALSERVICE","","160.00","-109098.20","268","1"
"1887","S1949916","16/11/2025","","NEFT-AXNGG32048866187-GOOGLEINDIADIGITALSERVICE","","15000.00","-94098.20","268","1"
"1888","S2108363","17/11/2025","","MMT/IMPS/532101004661/IMPSP2A/CastrolIn/Standard","","15.00","-94083.20","268","1"
"1889","S2398097","17/11/2025","","NEFT-AXNGG32155594545-GOOGLEINDIADIGITALSERVICE","","1425.00","-92658.20","268","1"
"1890","S2449126","17/11/2025","","NEFT-AXNGG32155707397-GOOGLEINDIADIGITALSERVICE","","6000.00","-86658.20","268","1"
"1891","S2453400","17/11/2025","","UPI/532125053451/PGWI013397183L/deut2001030000@/D","","340.00","-86318.20","268","1"
"1892","S2481028","17/11/2025","","NEFT-AXNGG32155809020-GOOGLEINDIADIGITALSERVICE","","240.00","-86078.20","269","1"
"1893","S2507233","17/11/2025","","NEFT-AXNGG32155850304-GOOGLEINDIADIGITALSERVICE","","1290.00","-84788.20","269","1"
"1894","S2564940","17/11/2025","","NEFT-AXNGG32156072421-GOOGLEINDIADIGITALSERVICE","","550.00","-84238.20","269","1"
"1895","S2612753","17/11/2025","","NEFT-AXNGG32156180414-GOOGLEINDIADIGITALSERVICE","","1600.00","-82638.20","269","1"
"1896","S2685521","17/11/2025","","NEFT-AXNGG32156335132-GOOGLEINDIADIGITALSERVICE","","1450.00","-81188.20","269","1"
"1897","S2692288","17/11/2025","","NEFT-AXNGG32156474954-GOOGLEINDIADIGITALSERVICE","","1300.00","-79888.20","269","1"
"1898","S2876317","17/11/2025","","NEFT-AXNGG32156954874-GOOGLEINDIADIGITALSERVICE","","600.00","-79288.20","269","1"
"1899","S3335833","18/11/2025","","NEFT-AXNGG32263965625-GOOGLEINDIADIGITALSERVICE","","1100.00","-78188.20","270","1"
"1900","S3530361","18/11/2025","","NEFT-AXNGG32264263025-GOOGLEINDIADIGITALSERVICE","","260.00","-77928.20","270","1"
"1901","S3534798","18/11/2025","","NEFT-AXNGG32264409742-GOOGLEINDIADIGITALSERVICE","","100.00","-77828.20","270","1"
"1902","S3578582","18/11/2025","","NEFT-AXNGG32264533638-GOOGLEINDIADIGITALSERVICE","","4500.00","-73328.20","270","1"
"1903","S3477068","18/11/2025","","NEFT-AXNGG32264571763-GOOGLEINDIADIGITALSERVICE","","4100.00","-69228.20","270","1"
"1904","S3599855","18/11/2025","","NEFT-AXNGG32264592991-GOOGLEINDIADIGITALSERVICE","","530.00","-68698.20","270","1"
"1905","S3640079","18/11/2025","","NEFT-AXNGG32264787035-GOOGLEINDIADIGITALSERVICE","","890.00","-67808.20","270","1"
"1906","S3500055","18/11/2025","","NEFT-AXNGG32264876452-GOOGLEINDIADIGITALSERVICE","","1900.00","-65908.20","271","1"
"1907","S3735211","18/11/2025","","NEFT-AXNGG32265101212-GOOGLEINDIADIGITALSERVICE","","30.00","-65878.20","271","1"
"1908","S3770073","18/11/2025","","NEFT-AXNGG32265209698-GOOGLEINDIADIGITALSERVICE","","50.00","-65828.20","271","1"
"1909","S3791522","18/11/2025","","NEFT-AXNGG32265265704-GOOGLEINDIADIGITALSERVICE","","4600.00","-61228.20","271","1"
"1910","S4132148","19/11/2025","","NEFT-AXNGG32372130741-GOOGLEINDIADIGITALSERVICE","","1580.00","-59648.20","271","1"
"1911","S4153479","19/11/2025","","NEFT-AXNGG32372162495-GOOGLEINDIADIGITALSERVICE","","1565.00","-58083.20","271","1"
"1912","S4175985","19/11/2025","","NEFT-AXNGG32372226305-GOOGLEINDIADIGITALSERVICE","","50.00","-58033.20","271","1"
"1913","S4228975","19/11/2025","","NEFT-AXNGG32372331223-GOOGLEINDIADIGITALSERVICE","","1275.00","-56758.20","272","1"
"1914","S4263077","19/11/2025","","Mob alrtChg Sep-25+GST","29.50","","-56787.70","272","1"
"1915","S4281463","19/11/2025","","NEFT-AXNGG32372441978-GOOGLEINDIADIGITALSERVICE","","128.00","-56659.70","272","1"
"1916","S4293834","19/11/2025","","NEFT-AXNGG32372537509-GOOGLEINDIADIGITALSERVICE","","4000.00","-52659.70","272","1"
"1917","S4307532","19/11/2025","","IMPS ChgSep-25+GST","112.10","","-52771.80","272","1"
"1918","S4315905","19/11/2025","","MMT/IMPS/532313326198/paymenttowardsi/SHREEMAHIN/H","17215.00","","-69986.80","272","1"
"1919","S4316976","19/11/2025","","MMT/IMPS/532313327710/paymenttowardsi/HANDBROTHE/H","9921.00","","-79907.80","272","1"
"1920","S4439933","19/11/2025","","NEFT-AXNGG32372941747-GOOGLEINDIADIGITALSERVICE","","50.00","-79857.80","272","1"
"1921","S4506511","19/11/2025","","NEFT-AXNGG32373053791-GOOGLEINDIADIGITALSERVICE","","1700.00","-78157.80","273","1"
"1922","S4511894","19/11/2025","","NEFT-AXNGG32373072473-GOOGLEINDIADIGITALSERVICE","","650.00","-77507.80","273","1"
"1923","S4552579","19/11/2025","","NEFT-AXNGG32373185439-GOOGLEINDIADIGITALSERVICE","","10.00","-77497.80","273","1"
"1924","S4555502","19/11/2025","","NEFT-AXNGG32373212613-GOOGLEINDIADIGITALSERVICE","","750.00","-76747.80","273","1"
"1925","S4613557","19/11/2025","","NEFT-AXNGG32373291805-GOOGLEINDIADIGITALSERVICE","","1000.00","-75747.80","273","1"
"1926","S4866959","20/11/2025","","MMT/IMPS/532400003386/IMPSP2A/CastrolIn/Standard","","100.00","-75647.80","273","1"
"1927","S5064491","20/11/2025","","NEFT-AXNGG32480404615-GOOGLEINDIADIGITALSERVICE","","25.00","-75622.80","273","1"
"1928","S5075482","20/11/2025","","NEFT-AXNGG32480426415-GOOGLEINDIADIGITALSERVICE","","12000.00","-63622.80","274","1"
"1929","S5076019","20/11/2025","","NEFT-AXNGG32480433637-GOOGLEINDIADIGITALSERVICE","","1000.00","-62622.80","274","1"
"1930","S5087611","20/11/2025","","NEFT-AXNGG32480449454-GOOGLEINDIADIGITALSERVICE","","20.00","-62602.80","274","1"
"1931","S5208177","20/11/2025","","NEFT-AXNGG32480657566-GOOGLEINDIADIGITALSERVICE","","38.00","-62564.80","274","1"
"1932","S5238881","20/11/2025","","NEFT-AXNGG32480740145-GOOGLEINDIADIGITALSERVICE","","100.00","-62464.80","274","1"
"1933","S5250330","20/11/2025","","INF/INFT/042377977461/advancepaymentt/TYRESALES1","30503.00","","-92967.80","274","1"
"1934","S5273361","20/11/2025","","NEFT-AXNGG32480813820-GOOGLEINDIADIGITALSERVICE","","2875.00","-90092.80","274","1"
"1935","S5288437","20/11/2025","","MMT/IMPS/532412134081/paymenttowardsi/HARIENTERP/B","20134.00","","-110226.80","275","1"
"1936","S5288937","20/11/2025","","MMT/IMPS/532412136892/paymenttowardsi/HARIENTERP/B","3880.00","","-114106.80","275","1"
"1937","S5290831","20/11/2025","","MMT/IMPS/532412723176/ReqPay/tirupatiau/State Bank","","49000.00","-65106.80","275","1"
"1938","S5293932","20/11/2025","","MMT/IMPS/532412151223/paymenttowardsi/HARIENTERP/B","23439.00","","-88545.80","275","1"
"1939","S5294780","20/11/2025","","MMT/IMPS/532412154726/advancepaymentt/HARIENTERP/B","3454.00","","-91999.80","275","1"
"1940","S5297669","20/11/2025","","MMT/IMPS/532413163805/paymenttowardsi/HARIENTERP/B","13816.00","","-105815.80","275","1"
"1941","S5305789","20/11/2025","","MMT/IMPS/532413176159/paymenttowardsi/HARIENTERP/B","8672.00","","-114487.80","275","1"
"1942","S5307361","20/11/2025","","MMT/IMPS/532413178173/paymenttowardsi/HARIENTERP/B","3497.00","","-117984.80","275","1"
"1943","S5309683","20/11/2025","","MMT/IMPS/532413734823/ReqPay/tirupatiau/State Bank","","10000.00","-107984.80","275","1"
"1944","S5312902","20/11/2025","","MMT/IMPS/532413190032/paymenttowardsi/HARIENTERP/B","12618.00","","-120602.80","276","1"
"1945","S5360608","20/11/2025","","NEFT-AXNGG32481097689-GOOGLEINDIADIGITALSERVICE","","580.00","-120022.80","276","1"
"1946","S5364678","20/11/2025","","NEFT-AXNGG32481134318-GOOGLEINDIADIGITALSERVICE","","400.00","-119622.80","276","1"
"1947","S5390267","20/11/2025","","NEFT-AXNGG32481233895-GOOGLEINDIADIGITALSERVICE","","520.00","-119102.80","276","1"
"1948","S5432405","20/11/2025","","MMT/IMPS/532415825011/ReqPay/tirupatiau/State Bank","","8690.00","-110412.80","276","1"
"1949","S5507739","20/11/2025","","NEFT-AXNGG32481530224-GOOGLEINDIADIGITALSERVICE","","765.00","-109647.80","276","1"
"1950","S5544488","20/11/2025","","NEFT-AXNGG32481601288-GOOGLEINDIADIGITALSERVICE","","900.00","-108747.80","276","1"
"1951","S5987139","21/11/2025","","NEFT-AXNGG32588706786-GOOGLEINDIADIGITALSERVICE","","3100.00","-105647.80","277","1"
"1952","S5987165","21/11/2025","","NEFT-AXNGG32588707689-GOOGLEINDIADIGITALSERVICE","","50.00","-105597.80","277","1"
"1953","S6010153","21/11/2025","","NEFT-AXNGG32588749973-GOOGLEINDIADIGITALSERVICE","","930.00","-104667.80","277","1"
"1954","S6027598","21/11/2025","","NEFT-AXNGG32588790086-GOOGLEINDIADIGITALSERVICE","","95.00","-104572.80","277","1"
"1955","S6051142","21/11/2025","","NEFT-AXNGG32588849159-GOOGLEINDIADIGITALSERVICE","","200.00","-104372.80","277","1"
"1956","S6052602","21/11/2025","","NEFT-AXNGG32588876300-GOOGLEINDIADIGITALSERVICE","","1935.00","-102437.80","277","1"
"1957","S6052661","21/11/2025","","NEFT-AXNGG32588877979-GOOGLEINDIADIGITALSERVICE","","50.00","-102387.80","277","1"
"1958","S6073520","21/11/2025","","NEFT-AXNGG32588899965-GOOGLEINDIADIGITALSERVICE","","3480.00","-98907.80","278","1"
"1959","S6214747","21/11/2025","","INF/INFT/042390420641/paymenttowardsi/TYRESALES1","21838.00","","-120745.80","278","1"
"1960","S6232167","21/11/2025","","NEFT-AXNGG32589400300-GOOGLEINDIADIGITALSERVICE","","100.00","-120645.80","278","1"
"1961","S6287546","21/11/2025","","NEFT-AXNGG32589504814-GOOGLEINDIADIGITALSERVICE","","190.00","-120455.80","278","1"
"1962","S6345621","21/11/2025","","NEFT-AXNGG32589697289-GOOGLEINDIADIGITALSERVICE","","420.00","-120035.80","278","1"
"1963","S6385655","21/11/2025","","NEFT-AXNGG32589853065-GOOGLEINDIADIGITALSERVICE","","1500.00","-118535.80","278","1"
"1964","S6419705","21/11/2025","","NEFT-AXNGG32589912123-GOOGLEINDIADIGITALSERVICE","","448.00","-118087.80","278","1"
"1965","S6534177","21/11/2025","","MMT/IMPS/532519539132/ReqPay/tirupatiau/State Bank","","13000.00","-105087.80","279","1"
"1966","S6841427","22/11/2025","","NEFT-AXNGG32697150235-GOOGLEINDIADIGITALSERVICE","","400.00","-104687.80","279","1"
"1967","S6842352","22/11/2025","","NEFT-AXNGG32697193618-GOOGLEINDIADIGITALSERVICE","","975.00","-103712.80","279","1"
"1968","S6861343","22/11/2025","","NEFT-AXNGG32697243520-GOOGLEINDIADIGITALSERVICE","","2150.00","-101562.80","279","1"
"1969","S6940012","22/11/2025","","NEFT-AXNGG32697462770-GOOGLEINDIADIGITALSERVICE","","1500.00","-100062.80","279","1"
"1970","S6977338","22/11/2025","","NEFT-AXNGG32697674551-GOOGLEINDIADIGITALSERVICE","","550.00","-99512.80","279","1"
"1971","S6994553","22/11/2025","","NEFT-AXNGG32697781652-GOOGLEINDIADIGITALSERVICE","","1956.00","-97556.80","279","1"
"1972","S7095455","22/11/2025","","MMT/IMPS/532617140998/paymenttowardsi/MODERNTYRE/S","12900.00","","-110456.80","280","1"
"1973","S7112690","22/11/2025","","NEFT-AXNGG32698204183-GOOGLEINDIADIGITALSERVICE","","575.00","-109881.80","280","1"
"1974","S7504227","23/11/2025","","NEFT-AXNGG32705554740-GOOGLEINDIADIGITALSERVICE","","1490.00","-108391.80","280","1"
"1975","S7515902","23/11/2025","","NEFT-AXNGG32705670565-GOOGLEINDIADIGITALSERVICE","","80.00","-108311.80","280","1"
"1976","S7516653","23/11/2025","","NEFT-AXNGG32705743660-GOOGLEINDIADIGITALSERVICE","","240.00","-108071.80","280","1"
"1977","S7527147","23/11/2025","","NEFT-AXNGG32705771155-GOOGLEINDIADIGITALSERVICE","","925.00","-107146.80","280","1"
"1978","S7527429","23/11/2025","","NEFT-AXNGG32705782455-GOOGLEINDIADIGITALSERVICE","","1500.00","-105646.80","280","1"
"1979","S7527816","23/11/2025","","NEFT-AXNGG32705792640-GOOGLEINDIADIGITALSERVICE","","2000.00","-103646.80","281","1"
"1980","S7538457","23/11/2025","","NEFT-AXNGG32705849543-GOOGLEINDIADIGITALSERVICE","","2400.00","-101246.80","281","1"
"1981","S7549028","23/11/2025","","NEFT-AXNGG32705868488-GOOGLEINDIADIGITALSERVICE","","2620.00","-98626.80","281","1"
"1982","S7549469","23/11/2025","","NEFT-AXNGG32705895474-GOOGLEINDIADIGITALSERVICE","","4010.00","-94616.80","281","1"
"1983","S7549562","23/11/2025","","NEFT-AXNGG32705898831-GOOGLEINDIADIGITALSERVICE","","100.00","-94516.80","281","1"
"1984","S7549732","23/11/2025","","NEFT-AXNGG32705902306-GOOGLEINDIADIGITALSERVICE","","650.00","-93866.80","281","1"
"1985","S7559606","23/11/2025","","NEFT-AXNGG32705915958-GOOGLEINDIADIGITALSERVICE","","150.00","-93716.80","281","1"
"1986","S7588618","23/11/2025","","NEFT-AXNGG32706046919-GOOGLEINDIADIGITALSERVICE","","30.00","-93686.80","282","1"
"1987","S7588752","23/11/2025","","NEFT-AXNGG32706070015-GOOGLEINDIADIGITALSERVICE","","3600.00","-90086.80","282","1"
"1988","S7609735","23/11/2025","","NEFT-AXNGG32706218235-GOOGLEINDIADIGITALSERVICE","","2000.00","-88086.80","282","1"
"1989","S7620372","23/11/2025","","NEFT-AXNGG32706265843-GOOGLEINDIADIGITALSERVICE","","475.00","-87611.80","282","1"
"1990","S7620860","23/11/2025","","NEFT-AXNGG32706300359-GOOGLEINDIADIGITALSERVICE","","360.00","-87251.80","282","1"
"1991","S7986802","24/11/2025","","NEFT-AXNGG32812825876-GOOGLEINDIADIGITALSERVICE","","1200.00","-86051.80","282","1"
"1992","S7986903","24/11/2025","","NEFT-AXNGG32812825018-GOOGLEINDIADIGITALSERVICE","","10800.00","-75251.80","282","1"
"1993","S8042442","24/11/2025","","NEFT-AXNGG32812887042-GOOGLEINDIADIGITALSERVICE","","50.00","-75201.80","283","1"
"1994","S8068052","24/11/2025","","NEFT-AXNGG32812984839-GOOGLEINDIADIGITALSERVICE","","1175.00","-74026.80","283","1"
"1995","S8082618","24/11/2025","","MMT/IMPS/532811026574/IMPSP2A/CastrolIn/Standard","","45.00","-73981.80","283","1"
"1996","S8085889","24/11/2025","","NEFT-AXNGG32813001415-GOOGLEINDIADIGITALSERVICE","","890.00","-73091.80","283","1"
"1997","S8090507","24/11/2025","","UPI/532825059056/PGWI013428563L/deut2001030000@/D","","100.00","-72991.80","283","1"
"1998","S8111364","24/11/2025","","MMT/IMPS/532811397448/advancepaymentt/MODERNTYRE/S","35500.00","","-108491.80","283","1"
"1999","S8126133","24/11/2025","","NEFT-AXNGG32813068650-GOOGLEINDIADIGITALSERVICE","","40.00","-108451.80","283","1"
"2000","S8217210","24/11/2025","","NEFT-AXNGG32813288186-GOOGLEINDIADIGITALSERVICE","","2000.00","-106451.80","284","1"