"Tran Date","Withdrawal","Deposit","Balance","Alpha","CHQ. NO.","Narration","Additional Info","Page Number","Minus"
"02/04/2025","","3100.00","4753.68 Cr.","","","From:XXXX6668:S A DHANDAPANI","","1","1"
"02/04/2025","3150.00","","1603.68 Cr.","","","UPI/825433953517/P2V/9159795299@ybl/Mr CHINNADURAI","","1","1"
"02/04/2025","","10000.00","11603.68 Cr.","","","From:XXXX9601:VISAKA INDANE NDNE RETAILER","","1","1"
"02/04/2025","10000.00","","1603.68 Cr.","","","UPI/035401553912/P2V/9791171422@ybl/BALASUBRAMANI","","1","1"
"02/04/2025","170.00","","1433.68 Cr.","","","UPI/666105931320/P2M/gpay-11176317937@okbizaxis/Sr","","1","1"
"02/04/2025","800.00","","633.68 Cr.","","","UPI/575763208315/P2A/0388053000014811@SIBL0000388/","","1","1"
"03/04/2025","","12000.00","12633.68 Cr.","","","From:XXXX6668:S A DHANDAPANI","","1","1"
"03/04/2025","10000.00","","2633.68 Cr.","","","UPI/199804085960/P2V/9047714209@ybl/S NAKKEERAN","","1","1"
"04/04/2025","1260.00","","1373.68 Cr.","","","UPI/915711955869/P2M/paytm.d19061488441@pty/Seakin","","1","1"
"04/04/2025","180.00","","1193.68 Cr.","","","UPI/417993180865/P2M/paytmqr281005050101zd10f6jlq/","","1","1"
"05/04/2025","295.00","","898.68 Cr.","","","ATM ANN.CHRG FOR CARD-8089 YEAR ENDED 2025-26","","1","1"
"05/04/2025","","18300.00","19198.68 Cr.","","","From:XXXX6668:S A DHANDAPANI","","1","1"
"05/04/2025","18000.00","","1198.68 Cr.","","","UPI/581828844750/P2V/9791296778@ybl/ARUTSELVAN S","","1","1"
"05/04/2025","","10000.00","11198.68 Cr.","","","From:XXXX9601:VISAKA INDANE NDNE RETAILER","","1","1"
"05/04/2025","5000.00","","6198.68 Cr.","","","UPI/965153023229/P2A/0457000100156496@PUNB0000001/","","1","1"
"05/04/2025","5000.00","","1198.68 Cr.","","","UPI/983182868827/P2A/405666404@IDIB000G012.ifsc.n/","","1","1"
"05/04/2025","200.00","","998.68 Cr.","","","UPI/381955467624/P2V/9003889212@ibl/Mr S TAMILARAS","","1","1"
"05/04/2025","170.00","","828.68 Cr.","","","UPI/866905066490/P2M/gpay-11176317937@okbizaxis/Sr","","1","1"
"06/04/2025","","7500.00","8328.68 Cr.","","","UPI/737253029799/P2V/saravanand771@ybl/VISAKA INDA","","1","1"
"06/04/2025","875.00","","7453.68 Cr.","","","UPI/558071959438/P2V/16sathish17@ibl/Sathis Palan","","1","1"
"06/04/2025","1180.00","","6273.68 Cr.","","","INCIDENTAL CHARGES","","1","1"
"06/04/2025","","1000.00","7273.68 Cr.","","","UPI/728073268485/P2V/saravanand771@ibl/VISAKA INDA","","1","1"
"06/04/2025","","1090.00","8363.68 Cr.","","","UPI/924109975498/P2V/saravanand771@ibl/VISAKA INDA","","1","1"
"06/04/2025","1090.00","","7273.68 Cr.","","","UPI/565246141433/P2V/9944966663@ybl/SIDDIQUE H","","1","1"
"07/04/2025","6500.00","","773.68 Cr.","","","D16724422CR TO440300NG00001252 : TO:SAR:D16724422CR TO440300NG00001252","","2","1"
"07/04/2025","200.00","","573.68 Cr.","","","UPI/172536751296/P2V/9003889212@ybl/Mr S TAMILARAS","","2","1"
"07/04/2025","","22500.00","23073.68 Cr.","","","From:XXXX6668:S A DHANDAPANI","","2","1"
"07/04/2025","10000.00","","13073.68 Cr.","","","UPI/594551342199/P2V/6380201093-2@ybl/Mr Jayapraka","","2","1"
"07/04/2025","10000.00","","3073.68 Cr.","","","UPI/961774933655/P2V/9047714209@ybl/S NAKKEERAN","","2","1"
"07/04/2025","1450.00","","1623.68 Cr.","","","UPI/736706475614/P2V/9159795299@ibl/Mr CHINNADURAI","","2","1"
"08/04/2025","210.00","","1413.68 Cr.","","","UPI/454786497381/P2M/paytmqr5w453n@ptys/NEW RENGA","","2","1"
"08/04/2025","290.00","","1123.68 Cr.","","","UPI/470147230985/P2M/playstore@axisbank/Google","","2","1"
"08/04/2025","170.00","","953.68 Cr.","","","UPI/189842098960/P2M/gpay-11176317937@okbizaxis/Sr","","2","1"
"08/04/2025","500.00","","453.68 Cr.","","","UPI/651128141469/P2V/saravanand771@ybl/VISAKA INDA","","2","1"
"09/04/2025","","3000.00","3453.68 Cr.","","","From:XXXX6668:S A DHANDAPANI","","2","1"
"09/04/2025","1500.00","","1953.68 Cr.","","","UPI/705646381244/P2V/9994994112@ybl/JAYALAKSHMI S","","2","1"
"09/04/2025","500.00","","1453.68 Cr.","","","UPI/268918716372/P2A/0388053000014811@SIBL0000388/","","2","1"
"09/04/2025","","3000.00","4453.68 Cr.","","","IMPS-IN/509916117972/8778665077/SARAVANA","","2","1"
"09/04/2025","696.12","","3757.56 Cr.","","","UPI/067147788698/P2M/paytm-73257006@ptys/SMART TXP","","2","1"
"09/04/2025","1772.36","","1985.20 Cr.","","","UPI/596203539038/P2M/billdesk.vodafone@hdfcbank/Vo","","2","1"
"10/04/2025","183.00","","1802.20 Cr.","","","UPI/656226196185/P2M/gpay-11176317937@okbizaxis/Sr","","2","1"
"10/04/2025","","10000.00","11802.20 Cr.","","","UPI/936071900945/P2V/saravanand771@ibl/VISAKA INDA","","2","1"
"10/04/2025","10000.00","","1802.20 Cr.","","","UPI/428130150684/P2V/9443310450@ybl/Mr DHATCHANAMO","","2","1"
"10/04/2025","1410.00","","392.20 Cr.","","","UPI/133489975447/P2M/paytm.s1e4lgh@pty/Murugan Aru","","2","1"
"11/04/2025","149.20","","243.00 Cr.","","","MAB CHRG ACCOUNT-7533 2025-03-01 TO 2025-03-31","","2","1"
"11/04/2025","","3000.00","3243.00 Cr.","","","IMPS-IN/510111282826/8778665077/SARAVANA","","2","1"
"11/04/2025","490.00","","2753.00 Cr.","","","UPI/332983176536/P2M/paytm.s15xl56@pty/DOBBEL STEI","","2","1"
"11/04/2025","170.00","","2583.00 Cr.","","","UPI/125243797949/P2M/gpay-11176317937@okbizaxis/Sr","","2","1"
"11/04/2025","","12500.00","15083.00 Cr.","","","UPI/569425509762/P2V/saravanand771@ibl/VISAKA INDA","","2","1"
"11/04/2025","7500.00","","7583.00 Cr.","","","UPI/196092498140/P2V/saravanand771@ibl/VISAKA INDA","","2","1"
"11/04/2025","2500.00","","5083.00 Cr.","","","UPI/831783959247/P2V/emilysiva1998bubasai@oksbi/Mr","","2","1"
"11/04/2025","1300.00","","3783.00 Cr.","","","UPI/354805247359/P2V/venkatesh13767@okicici/VIJAYA","","2","1"
"11/04/2025","175.00","","3608.00 Cr.","","","UPI/915029632807/P2M/Q208731611@ybl/ABHINAYA V","","2","1"
"11/04/2025","11.80","","3596.20 Cr.","","","Cash Withdrawal From ATM At : A038201/510123002227","","2","1"
"11/04/2025","11.80","","3584.40 Cr.","","","CHRG BAL 510123002228 PON NAGAR","","2","1"
"11/04/2025","3400.00","","184.40 Cr.","","","ATM WDR 510123002229 PON NAGAR","","2","1"
"11/04/2025","24.78","","159.62 Cr.","","","ATM WDR 510123002229 PON NAGAR","","2","1"
"12/04/2025","29.50","","130.12 Cr.","","","SMS CHRG FOR:01-01-2025to31-03-2025","","2","1"
"12/04/2025","","3000.00","3130.12 Cr.","","","From:XXXX9601:VISAKA INDANE NDNE RETAILER","","2","1"
"12/04/2025","2000.00","","1130.12 Cr.","","","UPI/236971431283/P2V/9443310450@ybl/Mr DHATCHANAMO","","2","1"
"13/04/2025","1000.00","","130.12 Cr.","","","UPI/100752313304/P2V/venkatesh13767@okicici/VIJAYA","","2","1"
"13/04/2025","","500.00","630.12 Cr.","","","UPI/752418748470/P2V/saravanand771@ybl/VISAKA INDA","","2","1"
"13/04/2025","500.00","","130.12 Cr.","","","UPI/506423834113/P2V/venkatesh13767@okicici/VIJAYA","","2","1"
"14/04/2025","","16000.00","16130.12 Cr.","","","From:XXXX6668:S A DHANDAPANI","","2","1"
"14/04/2025","16000.00","","130.12 Cr.","","","UPI/820965238528/P2V/9443310450@ybl/Mr DHATCHANAMO","","2","1"
"16/04/2025","100.00","","30.12 Cr.","","","UPI/667164776366/P2M/Vyapar.172729442434@hdfcbank/","","2","1"
"16/04/2025","","1000.00","1030.12 Cr.","","","UPI/067263157133/P2V/saravanand771@ybl/VISAKA INDA","","2","1"
"16/04/2025","1000.00","","30.12 Cr.","","","UPI/992249971304/P2V/venkatesh13767@okicici/VIJAYA","","2","1"
"16/04/2025","","2000.00","2030.12 Cr.","","","UPI/994878080735/P2V/saravanand771@ybl/VISAKA INDA","","2","1"
"16/04/2025","659.00","","1371.12 Cr.","","","UPI/639168263157/P2M/ibkPOS.EP070077@icici/M/S.SID","","2","1"
"17/04/2025","290.00","","1081.12 Cr.","","","UPI/500923521075/P2M/playstore@axisbank/Google","","2","1"
"17/04/2025","280.00","","801.12 Cr.","","","UPI/485076114344/P2M/Vyapar.172729442434@hdfcbank/","","2","1"
"18/04/2025","","11000.00","11801.12 Cr.","","","From:XXXX6668:S A DHANDAPANI","","2","1"
"18/04/2025","4500.00","","7301.12 Cr.","","","UPI/375074965206/P2A/622201009174@ICIC0006222.ifs/","","2","1"
"18/04/2025","5835.00","","1466.12 Cr.","","","UPI/782902072690/P2V/abilogu6360@okaxis/PURUSOTHAM","","2","1"
"18/04/2025","","30000.00","31466.12 Cr.","","","From:XXXX6668:S A DHANDAPANI","","2","1"
"18/04/2025","30000.00","","1466.12 Cr.","","","UPI/941696356116/P2V/6369948573@ybl/K KARTHIK","","2","1"
"18/04/2025","1000.00","","466.12 Cr.","","","UPI/683618689097/P2A/0388053000014811@SIBL0000388/","","3","1"
"19/04/2025","2.00","","464.12 Cr.","","","UPI/748250021095/P2M/playstore@axisbank/Google Pla","","3","1"
"19/04/2025","","2.00","466.12 Cr.","","","UPI/748307981095/P2V/googlepay@axisbank/Google Pay","","3","1"
"20/04/2025","138.00","","328.12 Cr.","","","UPI/247880509631/P2M/BBPSBP@ybl/PhonePe","","3","1"
"20/04/2025","","6000.00","6328.12 Cr.","","","From:XXXX6668:S A DHANDAPANI","","3","1"
"20/04/2025","24.78","","6303.34 Cr.","","","ATM WDR 511018029453 PON NAGAR BR","","3","1"
"20/04/2025","3000.00","","3303.34 Cr.","","","ATM WDR 511018029453 PON NAGAR BR","","3","1"
"21/04/2025","920.00","","2383.34 Cr.","","","UPI/631100132008/P2V/durgaenterprisestry16@okhdfc/","","3","1"
"21/04/2025","1000.00","","1383.34 Cr.","","","UPI/115349933805/P2A/153001000441540@CIUB0000001./","","3","1"
"21/04/2025","","1200.00","2583.34 Cr.","","","UPI/470196323933/P2V/saravanand771@ybl/VISAKA INDA","","3","1"
"21/04/2025","2500.00","","83.34 Cr.","","","UPI/083347222464/P2A/405666404@IDIB000G012.ifsc.n/","","3","1"
"21/04/2025","","3800.00","3883.34 Cr.","","","From:XXXX6668:S A DHANDAPANI","","3","1"
"21/04/2025","450.00","","3433.34 Cr.","","","UPI/511114960759/P2M/vilpostpaid@hsbc/Vodafone Ide","","3","1"
"21/04/2025","470.82","","2962.52 Cr.","","","UPI/283563384416/P2M/vilpostn@ptybl/Vi","","3","1"
"21/04/2025","470.82","","2491.70 Cr.","","","UPI/283563659178/P2M/vilpostn@ptybl/Vi","","3","1"
"21/04/2025","826.65","","1665.05 Cr.","","","UPI/283563768483/P2M/vilpostn@ptybl/Vi","","3","1"
"21/04/2025","397.00","","1268.05 Cr.","","","UPI/490608935081/P2V/sudhanmadhu794-1@okicici/MADU","","3","1"
"21/04/2025","","3000.00","4268.05 Cr.","","","IMPS-IN/511120283178/8778665077/SARAVANA","","3","1"
"21/04/2025","2890.00","","1378.05 Cr.","","","UPI/658245888369/P2V/8610205059@axl/Ms Jayanthi","","3","1"
"21/04/2025","","2890.00","4268.05 Cr.","","","UPI-REV/658245888369/P2V/8610205059@axl/SARAVANAN","","3","1"
"21/04/2025","2890.00","","1378.05 Cr.","","","UPI/951759751631/P2V/8610205059@axl/Ms Jayanthi","","3","1"
"21/04/2025","","5000.00","6378.05 Cr.","","","From:XXXX9601:VISAKA INDANE NDNE RETAILER","","3","1"
"21/04/2025","2000.00","","4378.05 Cr.","","","UPI/058462639913/P2A/0388053000014811@SIBL0000388/","","3","1"
"21/04/2025","3000.00","","1378.05 Cr.","","","UPI/820191958287/P2V/8508526276@ybl/SARAVANAN K","","3","1"
"22/04/2025","199.90","","1178.15 Cr.","","","UPI/155079731125/P2M/playstore@axisbank/Google Pla","","3","1"
"22/04/2025","420.05","","758.10 Cr.","","","UPI/165332956564/P2M/zomato-order@ptybl/Zomato Ltd","","3","1"
"22/04/2025","319.00","","439.10 Cr.","","","UPI/177963861125/P2M/playstore@axisbank/Google Pla","","3","1"
"23/04/2025","","22800.00","23239.10 Cr.","","","From:XXXX6668:S A DHANDAPANI","","3","1"
"23/04/2025","21800.00","","1439.10 Cr.","","","UPI/389595709170/P2V/9443310450@ybl/Mr DHATCHANAMO","","3","1"
"23/04/2025","","5000.00","6439.10 Cr.","","","From:XXXX9601:VISAKA INDANE NDNE RETAILER","","3","1"
"23/04/2025","3000.00","","3439.10 Cr.","","","UPI/466371401070/P2A/32870304318@SBIN0000001.ifsc/","","3","1"
"23/04/2025","400.00","","3039.10 Cr.","","","UPI/883295722840/P2M/Q247725661@ybl/V SUNDARAM","","3","1"
"23/04/2025","2330.00","","709.10 Cr.","","","UPI/790777333677/P2V/shuklalaw@ybl/SURENDRA PRASAD","","3","1"
"23/04/2025","700.00","","9.10 Cr.","","","UPI/632062510343/P2V/chefinabox5-1@oksbi/MALIKA N","","3","1"
"24/04/2025","","30000.00","30009.10 Cr.","","","From:XXXX6668:S A DHANDAPANI","","3","1"
"24/04/2025","26644.00","","3365.10 Cr.","","","UPI/604217913164/P2M/BBPSBP@ybl/PhonePe","","3","1"
"24/04/2025","290.00","","3075.10 Cr.","","","UPI/364098821145/P2M/playstore@axisbank/Google","","3","1"
"24/04/2025","580.00","","2495.10 Cr.","","","UPI/555487711565/P2M/paytmqr5wps6o@ptys/MICHAELS I","","3","1"
"24/04/2025","1187.00","","1308.10 Cr.","","","UPI/327840727915/P2M/paytm.d17070274340@pty/Madura","","3","1"
"25/04/2025","","40000.00","41308.10 Cr.","","","From:XXXX6668:S A DHANDAPANI","","3","1"
"25/04/2025","40000.00","","1308.10 Cr.","","","UPI/445371022199/P2A/0388053000014811@SIBL0000388/","","3","1"
"25/04/2025","220.00","","1088.10 Cr.","","","UPI/889301045869/P2M/Q179071606@ybl/SOMASUNDARAMS","","3","1"
"25/04/2025","","3000.00","4088.10 Cr.","","","UPI/731544108385/P2V/saravanand771@ybl/VISAKA INDA","","3","1"
"25/04/2025","1500.00","","2588.10 Cr.","","","UPI/035501230420/P2V/7339132989@axl/Mr JAYA SURIYA","","3","1"
"25/04/2025","1436.00","","1152.10 Cr.","","","UPI/738740711170/P2M/zomato4.payu@icici/ZOMATO LIM","","3","1"
"26/04/2025","200.00","","952.10 Cr.","","","UPI/790437790054/P2V/arsantamiltamil204@oksbi/Mr S","","3","1"
"26/04/2025","","2500.00","3452.10 Cr.","","","From:XXXX6668:S A DHANDAPANI","","3","1"
"26/04/2025","20.82","","3431.28 Cr.","","","UPI/349845869016/P2M/vilpostn@ptybl/Vi","","3","1"
"26/04/2025","1000.00","","2431.28 Cr.","","","UPI/745316104848/P2V/marikmc73@okicici/MARIMUTHU K","","3","1"
"26/04/2025","","3000.00","5431.28 Cr.","","","IMPS-IN/511620687221/8778665077/SARAVANA","","3","1"
"27/04/2025","3050.00","","2381.28 Cr.","","","UPI/237191192116/P2M/Q813133289@ybl/ANANDARAJ S","","3","1"
"27/04/2025","170.00","","2211.28 Cr.","","","UPI/940671846207/P2V/sekarmanisekar240@oksbi/CHAND","","4","1"
"27/04/2025","","30000.00","32211.28 Cr.","","","From:XXXX6668:S A DHANDAPANI","","4","1"
"27/04/2025","20000.00","","12211.28 Cr.","","","UPI/827428326759/P2V/kvrraj01@ybl/V RUDHRA RAJ","","4","1"
"27/04/2025","8000.00","","4211.28 Cr.","","","UPI/123880858314/P2V/balasubramani4974@oksbi/BALAS","","4","1"
"27/04/2025","2500.00","","1711.28 Cr.","","","UPI/358476129591/P2A/0388053000014811@SIBL0000388/","","4","1"
"27/04/2025","500.00","","1211.28 Cr.","","","UPI/963800571642/P2M/Q185973902@ybl/JAVITH BATCHA","","4","1"
"28/04/2025","250.00","","961.28 Cr.","","","UPI/960638535101/P2M/9894340208-2@okbizaxis/Mr TH","","4","1"
"28/04/2025","220.00","","741.28 Cr.","","","UPI/189583748475/P2M/paytmqr5w453n@ptys/NEW RENGA","","4","1"
"28/04/2025","365.00","","376.28 Cr.","","","UPI/828879509377/P2V/syedmusthafa0786143@oksbi/Mr","","4","1"
"29/04/2025","200.00","","176.28 Cr.","","","UPI/718523992585/P2V/arsantamiltamil204@oksbi/Mr S","","4","1"
"29/04/2025","","5000.00","5176.28 Cr.","","","From:XXXX6668:S A DHANDAPANI","","4","1"
"29/04/2025","1300.00","","3876.28 Cr.","","","UPI/094057237256/P2V/9791296778@ybl/ARUTSELVAN S","","4","1"
"29/04/2025","499.00","","3377.28 Cr.","","","UPI/511982013803/P2M/HOTSTARONLINE@ybl/JioHotstar","","4","1"
"29/04/2025","199.90","","3177.38 Cr.","","","UPI/917572731195/P2M/playstore@axisbank/Google Pla","","4","1"
"29/04/2025","1524.00","","1653.38 Cr.","","","UPI/144308656612/P2M/BHARATPE.9100491909@icici/AJF","","4","1"
"29/04/2025","399.00","","1254.38 Cr.","","","UPI/938372941195/P2M/playstore@axisbank/Google","","4","1"
"30/04/2025","","10000.00","11254.38 Cr.","","","From:XXXX6668:S A DHANDAPANI","","4","1"
"30/04/2025","10000.00","","1254.38 Cr.","","","UPI/779553580103/P2V/7871839739@ybl/SELVA S","","4","1"
"30/04/2025","","15000.00","16254.38 Cr.","","","From:XXXX6668:S A DHANDAPANI","","4","1"
"30/04/2025","4400.00","","11854.38 Cr.","","","UPI/306723264811/P2V/6369948573@ybl/K KARTHIK","","4","1"
"30/04/2025","10000.00","","1854.38 Cr.","","","UPI/384793433666/P2V/saravanand771@ybl/VISAKA INDA","","4","1"
"30/04/2025","1010.00","","844.38 Cr.","","","UPI/446725472846/P2M/zomato.payu@axisbank/Zomato p","","4","1"
"30/04/2025","","1000.00","1844.38 Cr.","","","UPI/776021971942/P2V/saravanand771@ybl/VISAKA INDA","","4","1"
"30/04/2025","1499.00","","345.38 Cr.","","","UPI/548606072673/P2M/paytm-8742454@ptybl/CULVER MA","","4","1"
"30/04/2025","290.00","","55.38 Cr.","","","UPI/149419651215/P2M/playstore@axisbank/Google","","4","1"
"03/05/2025","","500.00","555.38 Cr.","","","UPI/669991022375/P2V/saravanand771@ybl/VISAKA INDA","","4","1"
"03/05/2025","385.00","","170.38 Cr.","","","UPI/307384878865/P2V/mukeshbalaji232@okaxis/Mr Muk","","4","1"
"03/05/2025","15.00","","155.38 Cr.","","","UPI/418806141235/P2M/playstore@axisbank/Google","","4","1"
"03/05/2025","","10000.00","10155.38 Cr.","","","From:XXXX6668:S A DHANDAPANI","","4","1"
"03/05/2025","3500.00","","6655.38 Cr.","","","UPI/215481902276/P2V/9443955155@axl/SATHEESH KUMAR","","4","1"
"03/05/2025","2000.00","","4655.38 Cr.","","","UPI/383846641081/P2V/9345012064@ybl/SAMINATHAN M","","4","1"
"03/05/2025","","1750.00","6405.38 Cr.","","","UPI/382642463132/P2V/saravanand771@ybl/VISAKA INDA","","4","1"
"03/05/2025","1450.00","","4955.38 Cr.","","","UPI/081817120264/P2V/mohamedhafeez239@oksbi/MOHAME","","4","1"
"04/05/2025","1960.60","","2994.78 Cr.","","","UPI/805718956703/P2M/fsv.470000075859047@icici/ICI","","4","1"
"04/05/2025","261.08","","2733.70 Cr.","","","MAB CHRG ACCOUNT-7533 2025-04-01 TO 2025-04-30","","4","1"
"04/05/2025","1029.00","","1704.70 Cr.","","","UPI/366519080928/P2M/airtelpaymentsb258202.rzp@ax/","","4","1"
"05/05/2025","343.35","","1361.35 Cr.","","","UPI/367764236638/P2M/payzomato@hdfcbank/ZOMATO","","4","1"
"05/05/2025","810.00","","551.35 Cr.","","","UPI/726978439336/P2M/zomatofd.payu@hdfcbank/ZOMATO","","4","1"
"05/05/2025","387.00","","164.35 Cr.","","","UPI/245504853476/P2V/mathankumar713@okicici/R MA","","4","1"
"05/05/2025","","500.00","664.35 Cr.","","","UPI/156268592117/P2V/saravanand771@ybl/VISAKA INDA","","4","1"
"06/05/2025","90.00","","574.35 Cr.","","","UPI/269572217605/P2M/Q562619288@ybl/SIVARANJANI P","","4","1"
"06/05/2025","199.90","","374.45 Cr.","","","UPI/729651011265/P2M/playstore@axisbank/Google Pla","","4","1"
"06/05/2025","","1000.00","1374.45 Cr.","","","UPI/857092527435/P2V/saravanand771@ybl/VISAKA INDA","","4","1"
"06/05/2025","981.75","","392.70 Cr.","","","UPI/125075809499/P2M/ibacotntpjthillainag.4253212/","","4","1"
"06/05/2025","246.75","","145.95 Cr.","","","UPI/575391382184/P2M/zomatoonlineord384743.rzp@rx/","","4","1"
"07/05/2025","","12000.00","12145.95 Cr.","","","UPI/945321747361/P2V/saravanand771@ybl/VISAKA INDA","","4","1"
"07/05/2025","5000.00","","7145.95 Cr.","","","UPI/153762834702/P2A/405666404@IDIB000G012.ifsc.n/","","4","1"
"07/05/2025","6500.00","","645.95 Cr.","","","D16724422CR TO440300NG00001252 : TO:SAR:D16724422CR TO440300NG00001252","","4","1"
"07/05/2025","480.00","","165.95 Cr.","","","UPI/809503401275/P2M/playstore@axisbank/Google Pla","","4","1"
"07/05/2025","","750.00","915.95 Cr.","","","UPI/523444830878/P2V/saravanand771@ibl/VISAKA INDA","","4","1"
"07/05/2025","638.00","","277.95 Cr.","","","UPI/321471311168/P2M/zomato4.payu@icici/ZOMATO LIM","","4","1"
"07/05/2025","195.00","","82.95 Cr.","","","UPI/223099369780/P2M/paytmqr5ybv7w@ptys/THIRUNAV","","4","1"
"08/05/2025","","15000.00","15082.95 Cr.","","","From:XXXX6668:S A DHANDAPANI","","5","1"
"08/05/2025","10000.00","","5082.95 Cr.","","","UPI/532143503028/P2V/9865371905@ybl/Mathiyalagan","","5","1"
"09/05/2025","290.00","","4792.95 Cr.","","","UPI/994981581295/P2M/playstore@axisbank/Google","","5","1"
"09/05/2025","1500.00","","3292.95 Cr.","","","UPI/170686795199/P2M/paytmqr1rdeauvssl@paytm/Moder","","5","1"
"09/05/2025","250.00","","3042.95 Cr.","","","UPI/056662098426/P2M/8056543176@okbizaxis/Mr NATA","","5","1"
"09/05/2025","145.00","","2897.95 Cr.","","","UPI/916183807373/P2M/paytmqr5w453n@ptys/NEW RENGA","","5","1"
"09/05/2025","190.00","","2707.95 Cr.","","","UPI/492963008227/P2M/gpay-11176317937@okbizaxis/Sr","","5","1"
"10/05/2025","298.00","","2409.95 Cr.","","","UPI/939499890425/P2V/9597167639@ibl/SURESH KUMAR","","5","1"
"10/05/2025","","1000.00","3409.95 Cr.","","","UPI/656392327647/P2V/saravanand771@ybl/VISAKA INDA","","5","1"
"10/05/2025","3000.00","","409.95 Cr.","","","UPI/033964745158/P2A/32870304318@SBIN0000001.ifsc/","","5","1"
"12/05/2025","","12000.00","12409.95 Cr.","","","From:XXXX6668:S A DHANDAPANI","","5","1"
"12/05/2025","10000.00","","2409.95 Cr.","","","UPI/322906699623/P2V/vijaydhakshana11-5@okhdfcban/","","5","1"
"12/05/2025","2000.00","","409.95 Cr.","","","UPI/540191397700/P2V/saravanand771@ibl/VISAKA INDA","","5","1"
"12/05/2025","","750.00","1159.95 Cr.","","","UPI/128128071028/P2V/saravanand771@ybl/VISAKA INDA","","5","1"
"12/05/2025","896.00","","263.95 Cr.","","","UPI/563769636810/P2M/zomato.payu@axisbank/Zomato p","","5","1"
"13/05/2025","200.00","","63.95 Cr.","","","UPI/633648753566/P2V/arsantamiltamil204@oksbi/Mr S","","5","1"
"13/05/2025","","500.00","563.95 Cr.","","","UPI/217278634294/P2V/saravanand771@ybl/VISAKA INDA","","5","1"
"13/05/2025","170.00","","393.95 Cr.","","","UPI/390548009819/P2M/gpay-11176317937@okbizaxis/Sr","","5","1"
"13/05/2025","199.90","","194.05 Cr.","","","UPI/555878731335/P2M/playstore@axisbank/Google Pla","","5","1"
"13/05/2025","49.00","","145.05 Cr.","","","UPI/952852552371/P2M/AirtelPrepaidRecharge.payu@m/","","5","1"
"15/05/2025","","21000.00","21145.05 Cr.","","","From:XXXX6668:S A DHANDAPANI","","5","1"
"15/05/2025","17560.00","","3585.05 Cr.","","","UPI/507996325151/P2A/344101000008781@IOBA0000001./","","5","1"
"16/05/2025","290.00","","3295.05 Cr.","","","UPI/817537341365/P2M/playstore@axisbank/Google","","5","1"
"16/05/2025","1500.00","","1795.05 Cr.","","","UPI/524873835268/P2V/7339132989@axl/Mr JAYA SURIYA","","5","1"
"16/05/2025","515.00","","1280.05 Cr.","","","UPI/403459610157/P2M/payzomato@hdfcbank/ZOMATO","","5","1"
"16/05/2025","45.00","","1235.05 Cr.","","","UPI/238183127045/P2M/Q307281717@ybl/SANKARA VEERAP","","5","1"
"17/05/2025","200.00","","1035.05 Cr.","","","UPI/497169454120/P2V/arsantamiltamil204@oksbi/Mr S","","5","1"
"17/05/2025","700.00","","335.05 Cr.","","","UPI/138309570716/P2V/arsantamiltamil204@oksbi/Mr S","","5","1"
"17/05/2025","","400.00","735.05 Cr.","","","UPI/490840524057/P2V/saravanand771@ybl/VISAKA INDA","","5","1"
"17/05/2025","595.00","","140.05 Cr.","","","UPI/271550302507/P2V/subhajoshkathnseeka-3@oksbi/S","","5","1"
"17/05/2025","","15000.00","15140.05 Cr.","","","From:XXXX6668:S A DHANDAPANI","","5","1"
"17/05/2025","10000.00","","5140.05 Cr.","","","UPI/397475981005/P2V/balasubramani4974@oksbi/BALAS","","5","1"
"17/05/2025","799.00","","4341.05 Cr.","","","UPI/285102124295/P2M/paytm-jiomobility@ptybl/Jio P","","5","1"
"17/05/2025","944.00","","3397.05 Cr.","","","UPI/396070769678/P2M/BBPSBP@ybl/PhonePe","","5","1"
"17/05/2025","473.82","","2923.23 Cr.","","","UPI/364252678753/P2M/BBPSBP@ybl/PhonePe","","5","1"
"17/05/2025","238.61","","2684.62 Cr.","","","UPI/677474970425/P2M/BBPSBP@ybl/PhonePe","","5","1"
"17/05/2025","355.82","","2328.80 Cr.","","","UPI/138554884067/P2M/BBPSBP@ybl/PhonePe","","5","1"
"17/05/2025","473.82","","1854.98 Cr.","","","UPI/884121919633/P2M/BBPSBP@ybl/PhonePe","","5","1"
"17/05/2025","473.82","","1381.16 Cr.","","","UPI/134739898227/P2M/BBPSBP@ybl/PhonePe","","5","1"
"17/05/2025","944.64","","436.52 Cr.","","","UPI/214888295749/P2M/BBPSBP@ybl/PhonePe","","5","1"
"19/05/2025","","20000.00","20436.52 Cr.","","","From:XXXX6668:S A DHANDAPANI","","5","1"
"19/05/2025","758.00","","19678.52 Cr.","","","UPI/209211121385/P2M/parivahan.payu@axisbank/pariv","","5","1"
"19/05/2025","2535.00","","17143.52 Cr.","","","UPI/209491901385/P2M/parivahan.payu@axisbank/pariv","","5","1"
"19/05/2025","3924.00","","13219.52 Cr.","","","UPI/209644141385/P2M/parivahan.payu@axisbank/pariv","","5","1"
"19/05/2025","4555.00","","8664.52 Cr.","","","UPI/209768891385/P2M/parivahan.payu@axisbank/pariv","","5","1"
"19/05/2025","4000.00","","4664.52 Cr.","","","ATM WDR 513909001361 CANTONMENT TIRUCHIRAP","","5","1"
"19/05/2025","27.14","","4637.38 Cr.","","","ATM WDR 513909001361 CANTONMENT TIRUCHIRAP","","5","1"
"19/05/2025","480.00","","4157.38 Cr.","","","UPI/241176272757/P2V/9025558792@ybl/Mrs SAMSHATH A","","5","1"
"19/05/2025","1500.00","","2657.38 Cr.","","","UPI/512993380074/P2A/0388053000014811@SIBL0000388/","","5","1"
"19/05/2025","","10000.00","12657.38 Cr.","","","From:XXXX6668:S A DHANDAPANI","","5","1"
"19/05/2025","8720.00","","3937.38 Cr.","","","UPI/557689286766/P2V/9865371905@ibl/Mathiyalagan","","5","1"
"19/05/2025","2000.00","","1937.38 Cr.","","","UPI/574746468981/P2A/0388053000014811@SIBL0000388/","","6","1"
"20/05/2025","200.00","","1737.38 Cr.","","","UPI/374116903024/P2V/arsantamiltamil204@oksbi/Mr S","","6","1"
"20/05/2025","","6000.00","7737.38 Cr.","","","From:XXXX6668:S A DHANDAPANI","","6","1"
"20/05/2025","2000.00","","5737.38 Cr.","","","UPI/850404680318/P2M/paytm.s16slif@pty/PL SM Saiga","","6","1"
"20/05/2025","200.00","","5537.38 Cr.","","","UPI/996124309449/P2M/paytm.s16slif@pty/PL SM Saiga","","6","1"
"20/05/2025","199.90","","5337.48 Cr.","","","UPI/364058811405/P2M/playstore@axisbank/Google Pla","","6","1"
"20/05/2025","385.00","","4952.48 Cr.","","","UPI/063360125353/P2M/Q491076661@ybl/DEEPA VIJAYAKR","","6","1"
"20/05/2025","1000.00","","3952.48 Cr.","","","UPI/290122153557/P2M/BBPSBP@ybl/PhonePe","","6","1"
"20/05/2025","550.00","","3402.48 Cr.","","","UPI/909912277550/P2V/9677789430@ybl/Mr BOOPATHI A","","6","1"
"20/05/2025","","10000.00","13402.48 Cr.","","","UPI/503159612910/P2V/saravanand771@ybl/VISAKA INDA","","6","1"
"20/05/2025","10000.00","","3402.48 Cr.","","","UPI/194922667859/P2V/9840686694@ybl/THIRUMURUGAN","","6","1"
"20/05/2025","799.00","","2603.48 Cr.","","","UPI/504484056394/P2M/myjio.easebuzz@hdfcbank/MYJIO","","6","1"
"20/05/2025","799.00","","1804.48 Cr.","","","UPI/462727945809/P2M/myjio.easebuzz@hdfcbank/MYJIO","","6","1"
"20/05/2025","1600.00","","204.48 Cr.","","","UPI/712946943908/P2V/9443955155@ibl/SATHEESH KUMAR","","6","1"
"21/05/2025","200.00","","4.48 Cr.","","","UPI/037314965205/P2V/arsantamiltamil204@oksbi/Mr S","","6","1"
"21/05/2025","","4800.00","4804.48 Cr.","","","From:XXXX6668:S A DHANDAPANI","","6","1"
"21/05/2025","3000.00","","1804.48 Cr.","","","UPI/901739132318/P2V/balakrishnansasi7@ybl/BALAKRI","","6","1"
"21/05/2025","215.00","","1589.48 Cr.","","","UPI/861607314351/P2V/udhayamoorthy132@okicici/UDAY","","6","1"
"21/05/2025","244.00","","1345.48 Cr.","","","UPI/312401053017/P2V/sivar3290-1@okhdfcbank/Mr Siv","","6","1"
"22/05/2025","170.00","","1175.48 Cr.","","","UPI/413423699328/P2M/gpay-11176317937@okbizaxis/Sr","","6","1"
"22/05/2025","601.65","","573.83 Cr.","","","UPI/645928305984/P2M/payzomato@hdfcbank/ZOMATO","","6","1"
"22/05/2025","319.00","","254.83 Cr.","","","UPI/611253171425/P2M/playstore@axisbank/Google Pla","","6","1"
"23/05/2025","","4000.00","4254.83 Cr.","","","From:XXXX6668:S A DHANDAPANI","","6","1"
"23/05/2025","2000.00","","2254.83 Cr.","","","UPI/958011444199/P2A/0388053000014811@SIBL0000388/","","6","1"
"23/05/2025","290.00","","1964.83 Cr.","","","UPI/687816211435/P2M/playstore@axisbank/Google","","6","1"
"23/05/2025","172.00","","1792.83 Cr.","","","UPI/398332589569/P2M/Q179071606@ybl/SOMASUNDARAMS","","6","1"
"23/05/2025","45.00","","1747.83 Cr.","","","UPI/577612264618/P2M/Q179071606@ybl/SOMASUNDARAMS","","6","1"
"23/05/2025","250.00","","1497.83 Cr.","","","UPI/363597052813/P2V/9677789430@ibl/Mr BOOPATHI A","","6","1"
"23/05/2025","1043.00","","454.83 Cr.","","","UPI/653509964616/P2V/hussainahamed.8399@okicici/Mr","","6","1"
"24/05/2025","100.00","","354.83 Cr.","","","UPI/770059620730/P2V/8524894813@ybl/Velankanni Mil","","6","1"
"24/05/2025","170.00","","184.83 Cr.","","","UPI/596785369249/P2M/Q179071606@ybl/SOMASUNDARAMS","","6","1"
"25/05/2025","","8500.00","8684.83 Cr.","","","From:XXXX6668:S A DHANDAPANI","","6","1"
"25/05/2025","2295.00","","6389.83 Cr.","","","UPI/605239090769/P2M/paytm.d12185058427@pty/POTHYS","","6","1"
"25/05/2025","1000.00","","5389.83 Cr.","","","POS 514519278453 M S KALYANI COVERINGS","","6","1"
"25/05/2025","2500.00","","2889.83 Cr.","","","UPI/006344024274/P2V/vels43458@okhdfcbank/SAKTHIVE","","6","1"
"25/05/2025","","4300.00","7189.83 Cr.","","","UPI/492831631353/P2V/saravanand771@ybl/VISAKA INDA","","6","1"
"25/05/2025","6810.00","","379.83 Cr.","","","UPI/694235283086/P2M/LANDMARKLIFESTYLE@ybl/LIFE ST","","6","1"
"25/05/2025","175.00","","204.83 Cr.","","","UPI/466849188877/P2M/Q992372077@ybl/ABHINAYA V","","6","1"
"26/05/2025","90.00","","114.83 Cr.","","","UPI/306548699446/P2M/paytm.s1fdi49@pty/PAZHAMALAI","","6","1"
"26/05/2025","","1000.00","1114.83 Cr.","","","UPI/890606258068/P2V/saravanand771@ybl/VISAKA INDA","","6","1"
"26/05/2025","209.10","","905.73 Cr.","","","UPI/056038936178/P2M/2306665891362-01@jiopay/Smart","","6","1"
"26/05/2025","530.00","","375.73 Cr.","","","UPI/662435881855/P2M/Q196937664@ybl/NIRMALA","","6","1"
"26/05/2025","260.00","","115.73 Cr.","","","UPI/142792755230/P2M/gpay-11176317937@okbizaxis/Sr","","6","1"
"27/05/2025","100.00","","15.73 Cr.","","","UPI/026110210978/P2V/saravanand771@ybl/VISAKA INDA","","6","1"
"28/05/2025","","7500.00","7515.73 Cr.","","","From:XXXX6668:S A DHANDAPANI","","6","1"
"28/05/2025","199.90","","7315.83 Cr.","","","UPI/287981701485/P2M/playstore@axisbank/Google Pla","","6","1"
"28/05/2025","1385.00","","5930.83 Cr.","","","UPI/096076730654/P2M/SBIPMOPAD.022000000363517-TN/","","6","1"
"28/05/2025","5000.00","","930.83 Cr.","","","UPI/597646266414/P2A/0388053000014811@SIBL0000388/","","6","1"
"28/05/2025","","5000.00","5930.83 Cr.","","","UPI/666709267894/P2V/saravanand771@ybl/VISAKA INDA","","6","1"
"28/05/2025","5000.00","","930.83 Cr.","","","UPI/093362235597/P2V/9344686601@ybl/SARAVANASUN","","6","1"
"28/05/2025","","5000.00","5930.83 Cr.","","","From:XXXX6668:S A DHANDAPANI","","7","1"
"28/05/2025","1270.00","","4660.83 Cr.","","","UPI/634339981356/P2M/Q569168691@ybl/GANESAN K","","7","1"
"28/05/2025","1500.00","","3160.83 Cr.","","","UPI/941382861947/P2M/Q569168691@ybl/GANESAN K","","7","1"
"29/05/2025","700.00","","2460.83 Cr.","","","UPI/116872417878/P2M/paytm.s16slde@pty/PL SM Saiga","","7","1"
"29/05/2025","200.00","","2260.83 Cr.","","","UPI/565680741638/P2V/arsantamiltamil204@oksbi/Mr S","","7","1"
"29/05/2025","900.00","","1360.83 Cr.","","","UPI/236624405730/P2M/Q185973902@ybl/JAVITH BATCHA","","7","1"
"29/05/2025","","500.00","1860.83 Cr.","","","UPI/982887593157/P2V/saravanand771@ybl/VISAKA INDA","","7","1"
"29/05/2025","1500.00","","360.83 Cr.","","","UPI/262942316854/P2M/paytm-9037118@ptys/Asg lourdu","","7","1"
"29/05/2025","100.00","","260.83 Cr.","","","UPI/061259795596/P2V/saravanand771@ybl/VISAKA INDA","","7","1"
"29/05/2025","","2080.00","2340.83 Cr.","","","UPI/551554485598/P2V/ntvk2024@okaxis/MANIKANDAN MU","","7","1"
"29/05/2025","399.00","","1941.83 Cr.","","","UPI/491871951495/P2M/playstore@axisbank/Google","","7","1"
"29/05/2025","290.00","","1651.83 Cr.","","","UPI/498101011505/P2M/playstore@axisbank/Google","","7","1"
"30/05/2025","500.00","","1151.83 Cr.","","","UPI/103143721252/P2V/saravanand771@ybl/VISAKA INDA","","7","1"
"30/05/2025","","30000.00","31151.83 Cr.","","","From:XXXX9601:VISAKA INDANE NDNE RETAILER","","7","1"
"30/05/2025","30000.00","","1151.83 Cr.","","","UPI/855823843479/P2V/saravanavel7849-1@oksbi/Mr T","","7","1"
"31/05/2025","","1000.00","2151.83 Cr.","","","UPI/657247128991/P2V/saravanand771@ybl/VISAKA INDA","","7","1"
"31/05/2025","2000.00","","151.83 Cr.","","","UPI/850167124344/P2M/MAB0450251A0154846@Yesbank/BR","","7","1"
"31/05/2025","","3096.00","3247.83 Cr.","","","UPI/179174792420/P2V/saravanand771@ybl/VISAKA INDA","","7","1"
"31/05/2025","3096.00","","151.83 Cr.","","","UPI/413259382755/P2M/DECATHLON@ybl/Decathlon","","7","1"
"31/05/2025","","19440.00","19591.83 Cr.","","","From:XXXX9601:VISAKA INDANE NDNE RETAILER","","7","1"
"31/05/2025","19440.00","","151.83 Cr.","","","UPI/284369439748/P2A/32643289232@SBIN0000001.ifsc/","","7","1"
"31/05/2025","","500.00","651.83 Cr.","","","UPI/945584843616/P2V/saravanand771@ybl/VISAKA INDA","","7","1"
"31/05/2025","430.00","","221.83 Cr.","","","UPI/765082222335/P2V/suhailsuhail425155@okicici/MO","","7","1"
"31/05/2025","","2100.00","2321.83 Cr.","","","From:XXXX6668:S A DHANDAPANI","","7","1"
"31/05/2025","720.00","","1601.83 Cr.","","","UPI/029956563631/P2M/zomato-order@ptybl/Zomato Ltd","","7","1"
"31/05/2025","779.00","","822.83 Cr.","","","UPI/119262404775/P2M/zomato4.payu@icici/ZOMATO LIM","","7","1"
"02/06/2025","","1000.00","1822.83 Cr.","","","UPI/515396608711/P2V/simpleshakthii@okaxis/SATHYA","","7","1"
"02/06/2025","450.00","","1372.83 Cr.","","","UPI/080600814458/P2V/9025558792@ybl/Mrs SAMSHATH A","","7","1"
"02/06/2025","20.00","","1352.83 Cr.","","","UPI/875692289032/P2V/9025558792@ybl/Mrs SAMSHATH A","","7","1"
"02/06/2025","200.00","","1152.83 Cr.","","","UPI/834880381573/P2V/arsantamiltamil204@oksbi/Mr S","","7","1"
"03/06/2025","171.00","","981.83 Cr.","","","UPI/DR/002977824592/Senthilk/YESB/paytmqr65b0ht@p/","","7","1"
"03/06/2025","240.00","","741.83 Cr.","","","UPI/DR/394898510214/SUBA M/UJVN/subhajoshkathns/P","","7","1"
"03/06/2025","199.90","","541.93 Cr.","","","UPI/DR/980813711545/Google P/UTIB/playstore@axisb/","","7","1"
"03/06/2025","59.00","","482.93 Cr.","","","UPI/DR/986601671545/Google/UTIB/playstore@axisb/Ma","","7","1"
"03/06/2025","","12000.00","12482.93 Cr.","","","From:XXXX6668:S A DHANDAPANI","","7","1"
"03/06/2025","10000.00","","2482.93 Cr.","","","UPI/DR/882642063674/Mr Jayap/IDIB/6380201093-2@yb/","","7","1"
"03/06/2025","922.65","","1560.28 Cr.","","","UPI/DR/824224729428/MakeMyTr/AIRP/makemytrip13211/","","7","1"
"03/06/2025","840.00","","720.28 Cr.","","","UPI/DR/832706407744/MAKEMYTR/HDFC/makemytrip.upii/","","7","1"
"03/06/2025","200.00","","520.28 Cr.","","","UPI/DR/058069060230/Mr S TAM/IDIB/arsantamiltamil/","","7","1"
"03/06/2025","450.00","","70.28 Cr.","","","UPI/DR/066414275502/HAKKIM S/YESB/Q565895879@ybl/P","","7","1"
"03/06/2025","40.00","","30.28 Cr.","","","UPI/DR/809940207867/SELVAMAN/UTIB/9442740416@okbi/","","7","1"
"04/06/2025","","1000.00","1030.28 Cr.","","","IMPS-IN/515520184208/9600382838/SARAVANA","","7","1"
"04/06/2025","230.00","","800.28 Cr.","","","UPI/DR/378050152812/SOMASUND/YESB/Q179071606@ybl/P","","7","1"
"05/06/2025","200.00","","600.28 Cr.","","","UPI/DR/847364628441/Mr S TAM/IDIB/arsantamiltamil/","","7","1"
"05/06/2025","","2500.00","3100.28 Cr.","","","UPI/CR/301817039964/VISAKA I/PUNB/saravanand771@y/","","7","1"
"05/06/2025","1000.00","","2100.28 Cr.","","","UPI/DR/449888679510/MUGG FOO/UTIB/dqrbp.45970141@/","","7","1"
"05/06/2025","1100.00","","1000.28 Cr.","","","UPI/DR/852817537393/Mr BASKA/CBIN/swamybearings19/","","7","1"
"05/06/2025","","500.00","1500.28 Cr.","","","UPI/CR/693976728692/VISAKA I/PUNB/saravanand771@y/","","7","1"
"05/06/2025","1074.00","","426.28 Cr.","","","UPI/DR/142653111451/VENU BIR/HDFC/Vyapar.17412031/","","7","1"
"05/06/2025","300.00","","126.28 Cr.","","","UPI/DR/927884233305/VISAKA I/PUNB/saravanand771@y/","","7","1"
"06/06/2025","","500.00","626.28 Cr.","","","UPI/CR/751119264160/VISAKA I/PUNB/saravanand771@i/","","7","1"
"06/06/2025","195.00","","431.28 Cr.","","","UPI/DR/979063131784/JULIET D/YESB/Q976307035@ybl/P","","8","1"
"06/06/2025","290.00","","141.28 Cr.","","","UPI/DR/415869251575/Google/UTIB/playstore@axisb/Ma","","8","1"
"06/06/2025","","3000.00","3141.28 Cr.","","","From:XXXX6668:S A DHANDAPANI","","8","1"
"06/06/2025","","5000.00","8141.28 Cr.","","","From:XXXX0648:S A DHANDAPANI","","8","1"
"06/06/2025","","700.00","8841.28 Cr.","","","IMPS-IN/515715717654/9600382838/SARAVANA","","8","1"
"06/06/2025","","1200.00","10041.28 Cr.","","","IMPS-IN/515715017422/8778665077/SARAVANA","","8","1"
"06/06/2025","10000.00","","41.28 Cr.","","","UPI/DR/962961992060/VIJAYAKU/UBIN/vijaydhakshana1/","","8","1"
"06/06/2025","","2000.00","2041.28 Cr.","","","UPI/CR/479896271876/VISAKA I/PUNB/saravanand771@y/","","8","1"
"06/06/2025","1050.00","","991.28 Cr.","","","UPI/DR/077798617498/KATHIR T/YESB/paytmqr668nis@p/","","8","1"
"06/06/2025","430.80","","560.48 Cr.","","","UPI/DR/387803176913/IBACO TN/HDFC/tntpjsundarnaga/","","8","1"
"07/06/2025","200.00","","360.48 Cr.","","","UPI/DR/421840695925/Mr S TAM/IDIB/arsantamiltamil/","","8","1"
"07/06/2025","","60000.00","60360.48 Cr.","","","From:XXXX9601:VISAKA INDANE NDNE RETAILER","","8","1"
"07/06/2025","30000.00","","30360.48 Cr.","","","UPI/DR/985790783998/FRANCIS/CNRB/francisantonira/P","","8","1"
"07/06/2025","30000.00","","360.48 Cr.","","","UPI/DR/168916940176/JOHN PAU/CNRB/jpbritto.25-1@o/","","8","1"
"08/06/2025","276.29","","84.19 Cr.","","","MAB CHRG ACCOUNT-7533 2025-05-01 TO 2025-05-31","","8","1"
"08/06/2025","","4500.00","4584.19 Cr.","","","UPI/CR/632858185203/VISAKA I/PUNB/saravanand771@y/","","8","1"
"08/06/2025","3000.00","","1584.19 Cr.","","","UPI/DR/183879650489/BALASUBR/CNRB/9360927421@ibl/P","","8","1"
"08/06/2025","750.00","","834.19 Cr.","","","UPI/DR/653983240644/JAVITH B/YESB/Q185973902@ybl/P","","8","1"
"08/06/2025","100.00","","734.19 Cr.","","","UPI/DR/349688966843/MUTHAMIL/UBIN/9790478567@ybl/P","","8","1"
"09/06/2025","100.00","","634.19 Cr.","","","UPI/DR/587499704193/Senthilk/YESB/paytmqr65b0ht@p/","","8","1"
"09/06/2025","155.00","","479.19 Cr.","","","UPI/DR/287070507507/SUBA M/UJVN/subhajoshkathns/P","","8","1"
"09/06/2025","","50000.00","50479.19 Cr.","","","From:XXXX6668:S A DHANDAPANI","","8","1"
"09/06/2025","10000.00","","40479.19 Cr.","","","UPI/DR/915439591901/BALASUBR/SBIN/balasubramani49/","","8","1"
"09/06/2025","29100.00","","11379.19 Cr.","","","UPI/DR/060446237248/VADIVELA/SBIN/9944406221@ybl/P","","8","1"
"09/06/2025","7800.00","","3579.19 Cr.","","","UPI/DR/487874894978/Mr T SAR/IDIB/saravanavel7849/","","8","1"
"09/06/2025","200.00","","3379.19 Cr.","","","UPI/DR/750280331060/SOMASUND/YESB/Q179071606@ybl/P","","8","1"
"09/06/2025","","26400.00","29779.19 Cr.","","","From:XXXX6668:S A DHANDAPANI","","8","1"
"09/06/2025","25000.00","","4779.19 Cr.","","","UPI/DR/499113936823/REVATHI/SBIN/revathisuresh10/P","","8","1"
"09/06/2025","90.00","","4689.19 Cr.","","","UPI/DR/364370642401/C Prabak/AIRP/prbakarankaran7/","","8","1"
"10/06/2025","199.90","","4489.29 Cr.","","","UPI/DR/829899791615/Google P/UTIB/playstore@axisb/","","8","1"
"10/06/2025","1200.00","","3289.29 Cr.","","","UPI/DR/956785874012/S RANJI/IOBA/boseranjith@ibl/","","8","1"
"10/06/2025","200.00","","3089.29 Cr.","","","UPI/DR/941180054962/Mr S TAM/IDIB/arsantamiltamil/","","8","1"
"10/06/2025","","20000.00","23089.29 Cr.","","","From:XXXX6668:S A DHANDAPANI","","8","1"
"10/06/2025","10000.00","","13089.29 Cr.","","","UPI/DR/281456630698/KANAGASB/BKID/9443280006@ptsb/","","8","1"
"10/06/2025","10000.00","","3089.29 Cr.","","","UPI/DR/917912753200/ARUTSELV/SBIN/9791296778@ibl/P","","8","1"
"11/06/2025","472.00","","2617.29 Cr.","","","UPI/DR/497242206184/ASWINS H/HDFC/aswinshomespeci/","","8","1"
"11/06/2025","2000.00","","617.29 Cr.","","","UPI/DR/486169572951/Tajmahal/YESB/paytmqr12iqys@p/","","8","1"
"12/06/2025","536.00","","81.29 Cr.","","","UPI/DR/269739868914/Alagiris/YESB/paytm.s14j0v2@p/","","8","1"
"13/06/2025","","8500.00","8581.29 Cr.","","","From:XXXX6668:S A DHANDAPANI","","8","1"
"13/06/2025","1000.00","","7581.29 Cr.","","","UPI/DR/879408509034/M S HAKE/CNRB/hakeemqatar3@ok/","","8","1"
"13/06/2025","3189.00","","4392.29 Cr.","","","UPI/DR/878431356874/M S HAKE/CNRB/hakeemqatar3@ok/","","8","1"
"13/06/2025","290.00","","4102.29 Cr.","","","UPI/DR/270283091645/Google/UTIB/playstore@axisb/Ma","","8","1"
"13/06/2025","550.00","","3552.29 Cr.","","","UPI/DR/804145949260/Mr BOOPA/CIUB/9677789430@ybl/P","","8","1"
"13/06/2025","195.00","","3357.29 Cr.","","","UPI/DR/933547927356/SOMASUND/YESB/Q179071606@ybl/P","","8","1"
"13/06/2025","1100.00","","2257.29 Cr.","","","UPI/DR/843243998677/Bank Acc/SIBL/038805300001481/","","8","1"
"14/06/2025","1000.00","","1257.29 Cr.","","","UPI/DR/056184948896/Bank Acc/SIBL/038805300001481/","","8","1"
"15/06/2025","1000.00","","257.29 Cr.","","","UPI/DR/766904112707/BREEZE R/YESB/MAB0450251A0154/","","8","1"
"16/06/2025","","2000.00","2257.29 Cr.","","","UPI/CR/888316788359/VISAKA I/PUNB/saravanand771@i/","","8","1"
"16/06/2025","600.00","","1657.29 Cr.","","","UPI/DR/102852968622/P HEMA/SBIN/hema.pk70@okici/P","","8","1"
"16/06/2025","","2000.00","3657.29 Cr.","","","UPI/CR/732523152192/VISAKA I/PUNB/saravanand771@y/","","8","1"
"17/06/2025","","2000.00","5657.29 Cr.","","","UPI/CR/516864037905/DHANALAK/CNRB/dhanyasridhana-/","","9","1"
"17/06/2025","","4080.00","9737.29 Cr.","","","UPI/CR/516831141064/MANIKAND/FDRL/ntvk2024@oksbi/U","","9","1"
"17/06/2025","1576.00","","8161.29 Cr.","","","UPI/DR/121272275220/ASWINI M/YESB/paytmqr69qda1@p/","","9","1"
"17/06/2025","199.90","","7961.39 Cr.","","","UPI/DR/687543701685/Google P/UTIB/playstore@axisb/","","9","1"
"17/06/2025","344.40","","7616.99 Cr.","","","UPI/DR/962938135501/Zomato L/YESB/zomato-order@pt/","","9","1"
"17/06/2025","184.00","","7432.99 Cr.","","","UPI/DR/390708141023/Sri Nall/UTIB/gpay-1117631793/","","9","1"
"17/06/2025","","16500.00","23932.99 Cr.","","","From:XXXX6668:S A DHANDAPANI","","9","1"
"17/06/2025","16500.00","","7432.99 Cr.","","","UPI/DR/050511367749/Bank Acc/SIBL/038805300001481/","","9","1"
"17/06/2025","1309.35","","6123.64 Cr.","","","UPI/DR/232199819590/Zomato p/UTIB/zomato.payu@axi/","","9","1"
"18/06/2025","","38000.00","44123.64 Cr.","","","From:XXXX6668:S A DHANDAPANI","","9","1"
"18/06/2025","6500.00","","37623.64 Cr.","","","D16724422CR TO440300NG00001252 : TO:SAR:D16724422CR TO440300NG00001252","","9","1"
"18/06/2025","200.00","","37423.64 Cr.","","","UPI/DR/920838348609/Mr S TAM/IDIB/arsantamiltamil/","","9","1"
"18/06/2025","53.00","","37370.64 Cr.","","","UPI/DR/822793663370/Mr Sures/YESB/Q299519290@ybl/P","","9","1"
"18/06/2025","2000.00","","35370.64 Cr.","","","UPI/DR/015147251661/Bank Acc/SIBL/038805300001481/","","9","1"
"18/06/2025","1502.00","","33868.64 Cr.","","","UPI/DR/920512177493/BSNLRec/YESB/PHONEPEBSNLSOUT/","","9","1"
"18/06/2025","30000.00","","3868.64 Cr.","","","UPI/DR/372228294783/Mr T SAR/IDIB/saravanavel7849/","","9","1"
"18/06/2025","","51000.00","54868.64 Cr.","","","From:XXXX6668:S A DHANDAPANI","","9","1"
"18/06/2025","37185.00","","17683.64 Cr.","","","UPI/DR/981645181730/Bank Acc/IDIB/7016939486@IDIB/","","9","1"
"18/06/2025","550.00","","17133.64 Cr.","","","UPI/DR/156316413027/Mr BOOPA/CIUB/9677789430@ybl/P","","9","1"
"19/06/2025","13000.00","","4133.64 Cr.","","","UPI/DR/928970824845/VENKATAC/SBIN/venkatachalamc5/","","9","1"
"19/06/2025","930.00","","3203.64 Cr.","","","UPI/DR/944319952179/SUNDARAM/HDFC/sundaramhospita/","","9","1"
"19/06/2025","670.00","","2533.64 Cr.","","","UPI/DR/512422446005/EVERSUB/YESB/SUBWAYOFFLINE@y/P","","9","1"
"19/06/2025","","15000.00","17533.64 Cr.","","","From:XXXX6668:S A DHANDAPANI","","9","1"
"19/06/2025","33.00","","17500.64 Cr.","","","UPI/DR/708539818641/Airtel/YESB/airtel-prepaid./Pr","","9","1"
"19/06/2025","5418.00","","12082.64 Cr.","","","UPI/DR/553423496296/MAKEMYTR/HDFC/makemytrip.hote/","","9","1"
"19/06/2025","5000.00","","7082.64 Cr.","","","ATM WDR 517017006005 PON NAGAR","","9","1"
"19/06/2025","27.14","","7055.50 Cr.","","","ATM WDR 517017006005 PON NAGAR","","9","1"
"19/06/2025","1000.00","","6055.50 Cr.","","","UPI/DR/936757937746/Bank Acc/SIBL/038805300001481/","","9","1"
"20/06/2025","290.00","","5765.50 Cr.","","","UPI/DR/979794241715/Google/UTIB/playstore@axisb/Ma","","9","1"
"20/06/2025","2089.00","","3676.50 Cr.","","","UPI/DR/000202402849/AMIKA HO/YESB/Q76555540@ybl/Pa","","9","1"
"20/06/2025","500.00","","3176.50 Cr.","","","UPI/DR/716848560430/PhonePe/YESB/BBPSBP@ybl/Paymen","","9","1"
"20/06/2025","473.82","","2702.68 Cr.","","","UPI/DR/825359366947/PhonePe/YESB/BBPSBP@ybl/Paymen","","9","1"
"20/06/2025","473.82","","2228.86 Cr.","","","UPI/DR/357585512434/PhonePe/YESB/BBPSBP@ybl/Paymen","","9","1"
"20/06/2025","473.82","","1755.04 Cr.","","","UPI/DR/232749680496/PhonePe/YESB/BBPSBP@ybl/Paymen","","9","1"
"20/06/2025","414.82","","1340.22 Cr.","","","UPI/DR/825170050341/PhonePe/YESB/BBPSBP@ybl/Paymen","","9","1"
"20/06/2025","20.00","","1320.22 Cr.","","","UPI/DR/634403901744/SOMASUND/YESB/Q179071606@ybl/P","","9","1"
"21/06/2025","170.00","","1150.22 Cr.","","","UPI/DR/345503943248/Sri Nall/UTIB/gpay-1117631793/","","9","1"
"21/06/2025","","2080.00","3230.22 Cr.","","","UPI/CR/517244990629/MANIKAND/FDRL/ntvk2024@oksbi/U","","9","1"
"22/06/2025","18.00","","3212.22 Cr.","","","UPI/DR/228280965646/Sathya G/YESB/paytm.s1ep0xs@p/","","9","1"
"22/06/2025","45.00","","3167.22 Cr.","","","UPI/DR/490783586532/SOMASUND/YESB/Q179071606@ybl/P","","9","1"
"22/06/2025","","7500.00","10667.22 Cr.","","","From:XXXX9601:VISAKA INDANE NDNE RETAILER","","9","1"
"22/06/2025","7934.00","","2733.22 Cr.","","","UPI/DR/500367735610/Life Sty/YESB/LANDMARKLIFESTY/","","9","1"
"22/06/2025","2000.00","","733.22 Cr.","","","UPI/DR/320067637076/SAMINATH/CNRB/9345012064@ybl/P","","9","1"
"22/06/2025","","1500.00","2233.22 Cr.","","","UPI/CR/894728837309/VISAKA I/PUNB/saravanand771@y/","","9","1"
"22/06/2025","1500.00","","733.22 Cr.","","","UPI/DR/278671087257/RAMKUMAR/SBIN/9443712425@axl/P","","9","1"
"22/06/2025","445.00","","288.22 Cr.","","","UPI/DR/485427601692/Zomato p/UTIB/zomato.payu@axi/","","9","1"
"23/06/2025","200.00","","88.22 Cr.","","","UPI/DR/092947638663/Mr S TAM/IDIB/arsantamiltamil/","","10","1"
"23/06/2025","","1500.00","1588.22 Cr.","","","UPI/CR/062909327953/VISAKA I/PUNB/saravanand771@y/","","10","1"
"24/06/2025","1500.00","","88.22 Cr.","","","UPI/DR/471328347163/SATHEESH/KVBL/9443955155@ibl/P","","10","1"
"25/06/2025","35.00","","53.22 Cr.","","","UPI/DR/664885175330/Mr Sures/YESB/Q299519290@ybl/P","","10","1"
"25/06/2025","","9500.00","9553.22 Cr.","","","From:XXXX6668:S A DHANDAPANI","","10","1"
"25/06/2025","8500.00","","1053.22 Cr.","","","UPI/DR/226177952207/Bank Acc/SIBL/038805300001481/","","10","1"
"25/06/2025","473.82","","579.40 Cr.","","","UPI/DR/379911012175/PhonePe/YESB/BBPSBP@ybl/Paymen","","10","1"
"26/06/2025","80.00","","499.40 Cr.","","","UPI/DR/371038839728/Mr Sures/YESB/Q299519290@ybl/P","","10","1"
"26/06/2025","241.77","","257.63 Cr.","","","UPI/DR/036978684327/SMART TX/YESB/paytm-73257006@/","","10","1"
"26/06/2025","190.00","","67.63 Cr.","","","UPI/DR/810162729675/RADHA TE/CNRB/313911792281252/","","10","1"
"26/06/2025","","20000.00","20067.63 Cr.","","","From:XXXX6668:S A DHANDAPANI","","10","1"
"26/06/2025","19530.00","","537.63 Cr.","","","UPI/DR/019473148954/Bank Acc/HDFC/11042000004679@/","","10","1"
"26/06/2025","","3500.00","4037.63 Cr.","","","UPI/CR/169002609230/VISAKA I/PUNB/saravanand771@y/","","10","1"
"26/06/2025","3500.00","","537.63 Cr.","","","UPI/DR/605799138479/SIDDIQUE/UTIB/9944966663@ybl/P","","10","1"
"26/06/2025","500.00","","37.63 Cr.","","","UPI/DR/059688554838/Bank Acc/SIBL/038805300001481/","","10","1"
"27/06/2025","","500.00","537.63 Cr.","","","UPI/CR/225951123215/VISAKA I/PUNB/saravanand771@y/","","10","1"
"27/06/2025","199.90","","337.73 Cr.","","","UPI/DR/112392091785/Google P/UTIB/playstore@axisb/","","10","1"
"27/06/2025","","67.61","405.34 Cr.","","","NEFT IN::RBISN52025062730015911/Sovereign Gold BondsI:RBIS0MBPA04","U000000981721158","10","1"
"27/06/2025","290.00","","115.34 Cr.","","","UPI/DR/137843271785/Google/UTIB/playstore@axisb/Ma","","10","1"
"27/06/2025","","1500.00","1615.34 Cr.","","","UPI/CR/569140341192/VISAKA I/PUNB/saravanand771@y/","","10","1"
"27/06/2025","500.00","","1115.34 Cr.","","","UPI/DR/798067900570/Bank Acc/SIBL/038805300001481/","","10","1"
"27/06/2025","584.00","","531.34 Cr.","","","UPI/DR/433390378783/Zomato O/AIRP/zomatoonlineord/","","10","1"
"28/06/2025","252.57","","278.77 Cr.","","","UPI/DR/052504072164/Smart Ti/JIOP/2305852914610-0/","","10","1"
"28/06/2025","","1000.00","1278.77 Cr.","","","UPI/CR/188683101984/VISAKA I/PUNB/saravanand771@y/","","10","1"
"28/06/2025","300.00","","978.77 Cr.","","","UPI/DR/121855775095/Bank Acc/SIBL/038805300001481/","","10","1"
"28/06/2025","","8125.00","9103.77 Cr.","","","NEFT IN::SBINN52025062847346149/PRABHU GASSUPPLIERS:SBIN0012795","SBIN125179205662","10","1"
"28/06/2025","2000.00","","7103.77 Cr.","","","UPI/DR/123141182841/R.C.S.PE/YESB/paytm.s18ybqp@p/","","10","1"
"28/06/2025","2000.00","","5103.77 Cr.","","","UPI/DR/617081494117/Mr S TAM/IDIB/arsantamiltamil/","","10","1"
"28/06/2025","1936.00","","3167.77 Cr.","","","UPI/DR/648326766570/Mr S TAM/IDIB/arsantamiltamil/","","10","1"
"28/06/2025","1000.00","","2167.77 Cr.","","","UPI/DR/894015022747/Bank Acc/SIBL/038805300001481/","","10","1"
"29/06/2025","1200.00","","967.77 Cr.","","","UPI/DR/063304272454/Bank Acc/SIBL/038805300001481/","","10","1"
"29/06/2025","445.00","","522.77 Cr.","","","UPI/DR/370818648676/Zomato L/YESB/zomato-order@pt/","","10","1"
"30/06/2025","399.00","","123.77 Cr.","","","UPI/DR/424837631815/Google/UTIB/playstore@axisb/Ma","","10","1"
"30/06/2025","","6000.00","6123.77 Cr.","","","UPI/CR/518197498683/NAINA S/IOBA/gunajayapal346-/U","","10","1"
"30/06/2025","200.00","","5923.77 Cr.","","","UPI/DR/179502089750/Mr S TAM/IDIB/arsantamiltamil/","","10","1"
"30/06/2025","4500.00","","1423.77 Cr.","","","UPI/DR/782080491350/VISAKA I/PUNB/saravanand771@y/","","10","1"
"30/06/2025","","30000.00","31423.77 Cr.","","","From:XXXX9601:VISAKA INDANE NDNE RETAILER","","10","1"
"30/06/2025","30000.00","","1423.77 Cr.","","","UPI/DR/424975670957/Mr N PAN/IDIB/7094193407@ibl/P","","10","1"
"30/06/2025","215.00","","1208.77 Cr.","","","UPI/DR/948474135261/SOMASUND/YESB/Q179071606@ybl/P","","10","1"
"30/06/2025","500.00","","708.77 Cr.","","","UPI/DR/077819388805/Bank Acc/SIBL/038805300001481/","","10","1"
"30/06/2025","","12000.00","12708.77 Cr.","","","From:XXXX6668:S A DHANDAPANI","","10","1"
"30/06/2025","11700.00","","1008.77 Cr.","","","UPI/DR/009271014098/Bank Acc/BKID/836120110000353/","","10","1"
"01/07/2025","550.00","","458.77 Cr.","","","UPI/DR/791042551053/Mr BOOPA/CIUB/boopathyindra19/","","10","1"
"01/07/2025","199.90","","258.87 Cr.","","","UPI/DR/603692381825/Google P/UTIB/playstore@axisb/","","10","1"
"01/07/2025","","630.00","888.87 Cr.","","","UPI/CR/856336413375/VISAKA I/PUNB/saravanand771@y/","","10","1"
"01/07/2025","617.00","","271.87 Cr.","","","UPI/DR/920599891678/HARIHARA/SBIN/88sudhan@oksbi/P","","10","1"
"01/07/2025","","5000.00","5271.87 Cr.","","","From:XXXX6668:S A DHANDAPANI","","10","1"
"01/07/2025","229.00","","5042.87 Cr.","","","UPI/DR/707031123238/ARASU SH/YESB/paytmqr6656mb@p/","","10","1"
"01/07/2025","1066.00","","3976.87 Cr.","","","UPI/DR/936251288935/Zomato L/YESB/zomato-order@pt/","","10","1"
"02/07/2025","1000.00","","2976.87 Cr.","","","UPI/DR/054255772177/Bank Acc/SIBL/038805300001481/","","10","1"
"02/07/2025","500.00","","2476.87 Cr.","","","UPI/DR/949696413328/VISAKA I/PUNB/saravanand771@y/","","10","1"
"02/07/2025","190.00","","2286.87 Cr.","","","UPI/DR/058735712155/Sathya G/YESB/paytm.s1ep1ai@p/","","11","1"
"02/07/2025","437.00","","1849.87 Cr.","","","UPI/DR/864739335942/Zomato O/AIRP/zomatoonlineord/","","11","1"
"02/07/2025","271.00","","1578.87 Cr.","","","UPI/DR/528111308394/AROKIYA/SBIN/arockiyarajp12@/P","","11","1"
"03/07/2025","200.00","","1378.87 Cr.","","","UPI/DR/317627662213/Mr S TAM/IDIB/arsantamiltamil/","","11","1"
"03/07/2025","200.00","","1178.87 Cr.","","","UPI/DR/149817791117/Mr S TAM/IDIB/arsantamiltamil/","","11","1"
"03/07/2025","59.00","","1119.87 Cr.","","","UPI/DR/841206161845/Google/UTIB/playstore@axisb/Ma","","11","1"
"03/07/2025","","10000.00","11119.87 Cr.","","","UPI/CR/628402541503/VISAKA I/PUNB/saravanand771@y/","","11","1"
"03/07/2025","10000.00","","1119.87 Cr.","","","UPI/DR/349415671668/JAYAPRAK/KVBL/jayaprakash2044/","","11","1"
"03/07/2025","476.00","","643.87 Cr.","","","UPI/DR/196719601064/ASWINI M/YESB/paytmqr69qda1@p/","","11","1"
"03/07/2025","340.00","","303.87 Cr.","","","UPI/DR/990402492258/HAKKIM S/YESB/Q565895879@ybl/P","","11","1"
"03/07/2025","","10000.00","10303.87 Cr.","","","UPI/CR/965505518110/VISAKA I/PUNB/saravanand771@y/","","11","1"
"03/07/2025","10000.00","","303.87 Cr.","","","UPI/DR/264064329961/VIJAYAKU/UBIN/vijaydhakshana1/","","11","1"
"03/07/2025","","4300.00","4603.87 Cr.","","","From:XXXX6668:S A DHANDAPANI","","11","1"
"03/07/2025","","4500.00","9103.87 Cr.","","","From:XXXX9601:VISAKA INDANE NDNE RETAILER","","11","1"
"03/07/2025","","350.00","9453.87 Cr.","","","From:XXXX9601:VISAKA INDANE NDNE RETAILER","","11","1"
"03/07/2025","","400.00","9853.87 Cr.","","","From:XXXX9601:VISAKA INDANE NDNE RETAILER","","11","1"
"03/07/2025","","80.00","9933.87 Cr.","","","From:XXXX6668:S A DHANDAPANI","","11","1"
"03/07/2025","","80.00","10013.87 Cr.","","","UPI/CR/555023349971/SATHYA S/SIBL/simpleshakthii@/","","11","1"
"03/07/2025","10000.00","","13.87 Cr.","","","UPI/DR/792369855058/MANIKAND/SBIN/palanimanikanda/","","11","1"
"04/07/2025","","6120.00","6133.87 Cr.","","","UPI/CR/518516564065/MANIKAND/FDRL/ntvk2024@oksbi/U","","11","1"
"04/07/2025","3500.00","","2633.87 Cr.","","","UPI/DR/831620733761/RAMAMOOR/SBIN/ram.moorthy34@o/","","11","1"
"04/07/2025","200.00","","2433.87 Cr.","","","UPI/DR/276723539830/Mr S TAM/IDIB/arsantamiltamil/","","11","1"
"04/07/2025","190.00","","2243.87 Cr.","","","UPI/DR/681636359636/AMJATH/YESB/Q727410042@ybl/Pay","","11","1"
"04/07/2025","290.00","","1953.87 Cr.","","","UPI/DR/957518361855/Google/UTIB/playstore@axisb/Ma","","11","1"
"04/07/2025","","50000.00","51953.87 Cr.","","","From:XXXX6668:S A DHANDAPANI","","11","1"
"04/07/2025","50000.00","","1953.87 Cr.","","","UPI/DR/417449560213/Bank Acc/ICIC/080601502756@IC/","","11","1"
"04/07/2025","","17000.00","18953.87 Cr.","","","From:XXXX9601:VISAKA INDANE NDNE RETAILER","","11","1"
"04/07/2025","","17000.00","35953.87 Cr.","","","From:XXXX6668:S A DHANDAPANI","","11","1"
"04/07/2025","35546.00","","407.87 Cr.","","","UPI/DR/029827314191/PhonePe/YESB/BBPSBP@ybl/Paymen","","11","1"
"04/07/2025","","3000.00","3407.87 Cr.","","","UPI/CR/797139743306/VISAKA I/PUNB/saravanand771@y/","","11","1"
"05/07/2025","","2000.00","5407.87 Cr.","","","From:XXXX9601:VISAKA INDANE NDNE RETAILER","","11","1"
"05/07/2025","1500.00","","3907.87 Cr.","","","UPI/DR/234640774862/JAVITH B/YESB/Q185973902@ybl/P","","11","1"
"05/07/2025","1800.00","","2107.87 Cr.","","","UPI/DR/277036042501/MOHANDAS/ESFB/padmarajmohanda/","","11","1"
"05/07/2025","361.00","","1746.87 Cr.","","","UPI/DR/322253621753/Zomato O/AIRP/zomatoonlineord/","","11","1"
"05/07/2025","90.00","","1656.87 Cr.","","","UPI/DR/515749545472/KANNAN/CNRB/bk6107538@oksbi/Pa","","11","1"
"05/07/2025","1500.00","","156.87 Cr.","","","UPI/DR/319865265561/Chettina/YESB/paytmqr69dkzk@p/","","11","1"
"06/07/2025","156.87","","0.00 Cr.","","","INCIDENTAL CHARGES","","11","1"
"06/07/2025","","1500.00","1500.00 Cr.","","","UPI/CR/490027903864/VISAKA I/PUNB/saravanand771@i/","","11","1"
"06/07/2025","369.00","","1131.00 Cr.","","","UPI/DR/556432273003/RAKESH S/CNRB/gillirakeshshar/","","11","1"
"06/07/2025","938.17","","192.83 Cr.","","","SHORTFAL REC- Ledger Folio Charges from 01-04-2025","","11","1"
"06/07/2025","","500.00","692.83 Cr.","","","UPI/CR/396949629961/VISAKA I/PUNB/saravanand771@y/","","11","1"
"06/07/2025","500.00","","192.83 Cr.","","","UPI/DR/860172628308/VIJAYA V/ICIC/venkatesh13767@/","","11","1"
"06/07/2025","","300.00","492.83 Cr.","","","UPI/CR/956882545701/VISAKA I/PUNB/saravanand771@y/","","11","1"
"06/07/2025","176.00","","316.83 Cr.","","","UPI/DR/382461776541/KRISHNAN/YESB/Q723173893@ybl/P","","11","1"
"06/07/2025","175.00","","141.83 Cr.","","","UPI/DR/700204796292/ABHINAYA/YESB/Q992372077@ybl/P","","11","1"
"07/07/2025","","600.00","741.83 Cr.","","","UPI/CR/841094757012/VISAKA I/PUNB/saravanand771@y/","","11","1"
"07/07/2025","240.00","","501.83 Cr.","","","UPI/DR/599604232407/BHARATH/HDFC/Vyapar.17272944/P","","11","1"
"07/07/2025","422.00","","79.83 Cr.","","","UPI/DR/807820892706/ZOMATO L/YESB/zomato-order@pt/","","11","1"
"07/07/2025","","500.00","579.83 Cr.","","","UPI/CR/367795708900/VISAKA I/PUNB/saravanand771@y/","","11","1"
"07/07/2025","237.00","","342.83 Cr.","","","UPI/DR/464429523359/Zomato p/UTIB/zomato.payu@axi/","","11","1"
"08/07/2025","170.00","","172.83 Cr.","","","UPI/DR/085471340054/Sri Nall/UTIB/gpay-1117631793/","","12","1"
"08/07/2025","","10000.00","10172.83 Cr.","","","From:XXXX6668:S A DHANDAPANI","","12","1"
"08/07/2025","","16000.00","26172.83 Cr.","","","UPI/CR/990682002894/VISAKA I/PUNB/saravanand771@i/","","12","1"
"08/07/2025","990.00","","25182.83 Cr.","","","UPI/DR/611529671337/ASWINS H/HDFC/aswinshomespeci/","","12","1"
"08/07/2025","25000.00","","182.83 Cr.","","","UPI/DR/030782826305/VEERALAK/CNRB/lakshmideepak79/","","12","1"
"10/07/2025","","10000.00","10182.83 Cr.","","","UPI/CR/993214002923/VISAKA I/PUNB/saravanand771@y/","","12","1"
"10/07/2025","1521.00","","8661.83 Cr.","","","UPI/DR/512987518246/AJFAN DA/ICIC/BHARATPE.910049/","","12","1"
"10/07/2025","","50000.00","58661.83 Cr.","","","From:XXXX9601:VISAKA INDANE NDNE RETAILER","","12","1"
"10/07/2025","32000.00","","26661.83 Cr.","","","UPI/DR/796145637051/Mr DANAS/IDIB/9486945563@ibl/P","","12","1"
"10/07/2025","5000.00","","21661.83 Cr.","","","UPI/DR/636733757145/Bank Acc/CNRB/4686101013140@C/","","12","1"
"11/07/2025","290.00","","21371.83 Cr.","","","UPI/DR/809723591925/Google/UTIB/playstore@axisb/Ma","","12","1"
"11/07/2025","6500.00","","14871.83 Cr.","","","D16724422CR TO440300NG00001252 : TO:SAR:D16724422CR TO440300NG00001252","","12","1"
"11/07/2025","180.00","","14691.83 Cr.","","","UPI/DR/595448911982/BALASUBR/IOBA/balayaflower@ok/","","12","1"
"11/07/2025","75.00","","14616.83 Cr.","","","UPI/DR/468565768644/MANIMEKA/HDFC/Vyapar.17140750/","","12","1"
"11/07/2025","500.00","","14116.83 Cr.","","","UPI/DR/611314852862/Bank Acc/CNRB/4686101013140@C/","","12","1"
"11/07/2025","1000.00","","13116.83 Cr.","","","UPI/DR/224176014438/SVR Agen/YESB/paytmqr5da7zl@p/","","12","1"
"11/07/2025","170.00","","12946.83 Cr.","","","UPI/DR/238189083455/Ramesh G/ICIC/Getepay.esafban/","","12","1"
"11/07/2025","2000.00","","10946.83 Cr.","","","UPI/DR/254172384592/Bank Acc/SIBL/038805300001481/","","12","1"
"11/07/2025","9000.00","","1946.83 Cr.","","","UPI/DR/887035400781/Bank Acc/SIBL/038805300001481/","","12","1"
"12/07/2025","","40000.00","41946.83 Cr.","","","From:XXXX6668:S A DHANDAPANI","","12","1"
"12/07/2025","40000.00","","1946.83 Cr.","","","UPI/DR/306703137948/SHANTHI/IOBA/9842477181@ybl/Pa","","12","1"
"12/07/2025","29.50","","1917.33 Cr.","","","SMS CHRG FOR:01-04-2025to30-06-2025","","12","1"
"12/07/2025","200.00","","1717.33 Cr.","","","UPI/DR/634948257037/Mr S TAM/IDIB/arsantamiltamil/","","12","1"
"12/07/2025","1000.00","","717.33 Cr.","","","UPI/DR/668705023601/PhonePe/YESB/BBPSBP@ybl/Paymen","","12","1"
"12/07/2025","170.00","","547.33 Cr.","","","UPI/DR/572793075870/Sri Nall/UTIB/gpay-1117631793/","","12","1"
"12/07/2025","","27000.00","27547.33 Cr.","","","From:XXXX6668:S A DHANDAPANI","","12","1"
"12/07/2025","10000.00","","17547.33 Cr.","","","UPI/DR/523673461186/VISAKA I/PUNB/saravanand771@i/","","12","1"
"12/07/2025","3000.00","","14547.33 Cr.","","","UPI/DR/774712410787/Bank Acc/SIBL/038805300001481/","","12","1"
"12/07/2025","9440.00","","5107.33 Cr.","","","UPI/DR/823574356886/Bank Acc/SBIN/39020146903@SBI/","","12","1"
"12/07/2025","100.00","","5007.33 Cr.","","","UPI/DR/594870781944/DHANDAPA/PUNB/9600382838@ybl/P","","12","1"
"13/07/2025","1300.00","","3707.33 Cr.","","","UPI/DR/609340703111/SVR Agen/YESB/paytmqr28100505/","","12","1"
"13/07/2025","209.64","","3497.69 Cr.","","","MAB CHRG ACCOUNT-7533 2025-06-01 TO 2025-06-30","","12","1"
"13/07/2025","","3500.00","6997.69 Cr.","","","From:XXXX6668:S A DHANDAPANI","","12","1"
"13/07/2025","4000.00","","2997.69 Cr.","","","UPI/DR/682465475455/R Yesodh/YESB/paytm-8886450@p/","","12","1"
"13/07/2025","1500.00","","1497.69 Cr.","","","UPI/DR/359388794467/Mr Murug/IDIB/mruganmani05-1@/","","12","1"
"13/07/2025","550.00","","947.69 Cr.","","","UPI/DR/334087466896/Mr BOOPA/CIUB/boopathyindra19/","","12","1"
"13/07/2025","","3500.00","4447.69 Cr.","","","UPI/CR/101644023682/VISAKA I/PUNB/saravanand771@y/","","12","1"
"13/07/2025","3344.00","","1103.69 Cr.","","","UPI/DR/251627884187/Palmshor/YESB/paytmqr28100505/","","12","1"
"14/07/2025","500.00","","603.69 Cr.","","","UPI/DR/822841007508/Mr S TAM/IDIB/9003889212@ybl/P","","12","1"
"14/07/2025","200.00","","403.69 Cr.","","","UPI/DR/068814960593/Mr S TAM/IDIB/9003889212@ybl/P","","12","1"
"15/07/2025","200.00","","203.69 Cr.","","","UPI/DR/592726380353/Mr S TAM/IDIB/arsantamiltamil/","","12","1"
"15/07/2025","","30000.00","30203.69 Cr.","","","From:XXXX6668:S A DHANDAPANI","","12","1"
"15/07/2025","9440.00","","20763.69 Cr.","","","UPI/DR/777219214406/Bank Acc/IDIB/621987783@IDIB0/","","12","1"
"15/07/2025","18000.00","","2763.69 Cr.","","","UPI/DR/713866643059/Bank Acc/ICIC/000101537113@IC/","","12","1"
"15/07/2025","2000.00","","763.69 Cr.","","","UPI/DR/144990812974/VISAKA I/PUNB/saravanand771@y/","","12","1"
"15/07/2025","110.00","","653.69 Cr.","","","UPI/DR/133742645401/Punitha/SBIN/punitha0711@oks/P","","12","1"
"16/07/2025","250.00","","403.69 Cr.","","","UPI/DR/238359098473/SUBA M/UJVN/subhajoshkathns/P","","12","1"
"16/07/2025","","10000.00","10403.69 Cr.","","","From:XXXX9601:VISAKA INDANE NDNE RETAILER","","12","1"
"16/07/2025","2658.00","","7745.69 Cr.","","","UPI/DR/684620367462/SIVA SUB/SBIN/shivamuru@oksbi/","","12","1"
"16/07/2025","547.00","","7198.69 Cr.","","","UPI/DR/947596197702/APOLLOP/YESB/APOLLOPHARMACYO/","","12","1"
"16/07/2025","35.00","","7163.69 Cr.","","","UPI/DR/661276191892/APOLLOP/YESB/APOLLOPHARMACYO/","","12","1"
"16/07/2025","179.00","","6984.69 Cr.","","","UPI/DR/131492402895/THIRUNAV/YESB/paytmqr6ffixh@p/","","12","1"
"17/07/2025","488.25","","6496.44 Cr.","","","UPI/DR/635732291855/ZOMATO L/YESB/zomato-order@pt/","","13","1"
"17/07/2025","60.00","","6436.44 Cr.","","","UPI/DR/730119823462/SUNDARAM/HDFC/sundaramhospita/","","13","1"
"17/07/2025","1010.10","","5426.34 Cr.","","","UPI/DR/692869409496/Zomato O/AIRP/zomatoonlineord/","","13","1"
"18/07/2025","290.00","","5136.34 Cr.","","","UPI/DR/698814021995/Google/UTIB/playstore@axisb/Ma","","13","1"
"18/07/2025","600.00","","4536.34 Cr.","","","UPI/DR/694792699733/Mr S TAM/IDIB/arsantamiltamil/","","13","1"
"18/07/2025","400.00","","4136.34 Cr.","","","UPI/DR/272351413156/Bank Acc/CNRB/4686101013140@C/","","13","1"
"18/07/2025","1500.00","","2636.34 Cr.","","","UPI/DR/660797225229/Bank Acc/SIBL/038805300001481/","","13","1"
"19/07/2025","","10000.00","12636.34 Cr.","","","From:XXXX6668:S A DHANDAPANI","","13","1"
"19/07/2025","5800.00","","6836.34 Cr.","","","UPI/DR/097192232825/Bank Acc/IDIB/6755734870@IDIB/","","13","1"
"19/07/2025","1200.00","","5636.34 Cr.","","","UPI/DR/269645367154/Bank Acc/PUNB/060300010111813/","","13","1"
"19/07/2025","","1200.00","6836.34 Cr.","","","UPI-REV/269645367154/P2A/0603000101118139@PUNB0000","","13","1"
"19/07/2025","1200.00","","5636.34 Cr.","","","UPI/DR/796124719596/Bank Acc/PUNB/060300010111813/","","13","1"
"19/07/2025","","1200.00","6836.34 Cr.","","","UPI-REV/796124719596/P2A/0603000101118139@PUNB0000","","13","1"
"19/07/2025","1070.00","","5766.34 Cr.","","","UPI/DR/322310829725/P HEMA/SBIN/hema.pk70@okici/P","","13","1"
"19/07/2025","200.00","","5566.34 Cr.","","","UPI/DR/124760284539/Mr S TAM/IDIB/arsantamiltamil/","","13","1"
"19/07/2025","585.90","","4980.44 Cr.","","","UPI/DR/127766232702/Zomato p/UTIB/zomato.payu@axi/","","13","1"
"20/07/2025","1820.00","","3160.44 Cr.","","","UPI/DR/936594436860/Bank Acc/CIUB/153001000441540/","","13","1"
"20/07/2025","1268.00","","1892.44 Cr.","","","UPI/DR/949659335975/SIVA SUB/SBIN/shivamuru@oksbi/","","13","1"
"20/07/2025","459.90","","1432.54 Cr.","","","UPI/DR/135192822636/Zomato p/UTIB/zomato.payu@axi/","","13","1"
"20/07/2025","195.00","","1237.54 Cr.","","","UPI/DR/538295161150/THIRUNAV/YESB/paytmqr6ffixh@p/","","13","1"
"21/07/2025","995.40","","242.14 Cr.","","","UPI/DR/343557059709/Zomato p/UTIB/zomato.payu@axi/","","13","1"
"21/07/2025","","17000.00","17242.14 Cr.","","","From:XXXX9601:VISAKA INDANE NDNE RETAILER","","13","1"
"21/07/2025","16520.00","","722.14 Cr.","","","UPI/DR/276577848128/Bank Acc/UBIN/548702010016329/","","13","1"
"21/07/2025","200.00","","522.14 Cr.","","","UPI/DR/987741749206/Mr S TAM/IDIB/arsantamiltamil/","","13","1"
"22/07/2025","170.00","","352.14 Cr.","","","UPI/DR/465134638905/Sri Nall/UTIB/gpay-1117631793/","","13","1"
"22/07/2025","","18500.00","18852.14 Cr.","","","From:XXXX6668:S A DHANDAPANI","","13","1"
"22/07/2025","8500.00","","10352.14 Cr.","","","UPI/DR/629241132637/SRI GOGU/SBIN/srigokulam26@ok/","","13","1"
"22/07/2025","840.00","","9512.14 Cr.","","","UPI/DR/787937826578/ASWINS H/HDFC/aswinshomespeci/","","13","1"
"22/07/2025","500.00","","9012.14 Cr.","","","UPI/DR/905069893812/Bank Acc/SIBL/038805300001481/","","13","1"
"23/07/2025","","1500.00","10512.14 Cr.","","","UPI/CR/488594945252/VISAKA I/PUNB/saravanand771@i/","","13","1"
"23/07/2025","10000.00","","512.14 Cr.","","","UPI/DR/902680535659/JAYAPRAK/KVBL/jayaprakash2044/","","13","1"
"23/07/2025","500.00","","12.14 Cr.","","","UPI/DR/279656227197/MOHAMED/KVBL/8825711687@apl/Pa","","13","1"
"24/07/2025","","1750.00","1762.14 Cr.","","","UPI/CR/642722973035/VISAKA I/PUNB/saravanand771@i/","","13","1"
"24/07/2025","","11000.00","12762.14 Cr.","","","From:XXXX9601:VISAKA INDANE NDNE RETAILER","","13","1"
"24/07/2025","10000.00","","2762.14 Cr.","","","UPI/DR/766411848241/ARUTSELV/SBIN/arutselvansunda/","","13","1"
"24/07/2025","20.00","","2742.14 Cr.","","","UPI/DR/070430611318/ETERNAL/AIRP/zomatoonlineord/Z","","13","1"
"24/07/2025","1003.80","","1738.34 Cr.","","","UPI/DR/242247024761/ZOMATO L/YESB/zomato-order@pt/","","13","1"
"25/07/2025","290.00","","1448.34 Cr.","","","UPI/DR/645624032065/Google/UTIB/playstore@axisb/Ma","","13","1"
"25/07/2025","190.00","","1258.34 Cr.","","","UPI/DR/379558551017/SOMASUND/YESB/Q179071606@ybl/P","","13","1"
"26/07/2025","200.00","","1058.34 Cr.","","","UPI/DR/340708808191/Mr S TAM/IDIB/arsantamiltamil/","","13","1"
"26/07/2025","500.00","","558.34 Cr.","","","UPI/DR/832837896601/Bank Acc/SIBL/038805300001481/","","13","1"
"28/07/2025","550.00","","8.34 Cr.","","","UPI/DR/767162066442/VISAKA I/PUNB/saravanand771@y/","","13","1"
"29/07/2025","","500.00","508.34 Cr.","","","UPI/CR/297344883068/VISAKA I/PUNB/saravanand771@i/","","13","1"
"29/07/2025","170.00","","338.34 Cr.","","","UPI/DR/303558586277/Sri Nall/UTIB/gpay-1117631793/","","13","1"
"29/07/2025","","44000.00","44338.34 Cr.","","","From:XXXX9601:VISAKA INDANE NDNE RETAILER","","13","1"
"29/07/2025","20160.00","","24178.34 Cr.","","","UPI/DR/162053830205/Bank Acc/SIBL/051107300000059/","","13","1"
"29/07/2025","22320.00","","1858.34 Cr.","","","UPI/DR/958742671783/Bank Acc/SIBL/051107300000059/","","13","1"
"30/07/2025","240.00","","1618.34 Cr.","","","UPI/DR/757759250902/ARSH TEA/YESB/Q488736831@ybl/P","","13","1"
"30/07/2025","1500.00","","118.34 Cr.","","","UPI/DR/589991179641/Bank Acc/SIBL/038805300001481/","","13","1"
"31/07/2025","","250.00","368.34 Cr.","","","UPI/CR/862123175187/VISAKA I/PUNB/saravanand771@y/","","13","1"
"31/07/2025","300.00","","68.34 Cr.","","","UPI/DR/596763404703/Bank Acc/SIBL/038805300001481/","","13","1"
"31/07/2025","","5000.00","5068.34 Cr.","","","From:XXXX6668:S A DHANDAPANI","","13","1"
"31/07/2025","1181.00","","3887.34 Cr.","","","UPI/DR/506599607452/SWIGGY/YESB/SWIGGY8@ybl/Paymen","","14","1"
"31/07/2025","799.00","","3088.34 Cr.","","","UPI/DR/848676803273/ZOMATO L/YESB/zomato-order@pt/","","14","1"
"31/07/2025","290.00","","2798.34 Cr.","","","UPI/DR/677091152135/Google/UTIB/playstore@axisb/Ma","","14","1"
"01/08/2025","90.00","","2708.34 Cr.","","","UPI/DR/501099079671/ARSH TEA/YESB/Q488736831@ybl/P","","14","1"
"01/08/2025","2108.00","","600.34 Cr.","","","UPI/DR/373255080809/SUNDARAM/HDFC/sundaramhospita/","","14","1"
"01/08/2025","344.00","","256.34 Cr.","","","UPI/DR/446229713536/NEW LIPS/YESB/paytmqrmw3vjkrw/","","14","1"
"02/08/2025","","500.00","756.34 Cr.","","","UPI/CR/283846252631/VISAKA I/PUNB/saravanand771@i/","","14","1"
"02/08/2025","295.11","","461.23 Cr.","","","UPI/DR/521479323064/JioHotst/YESB/HOTSTARONLINE@y/","","14","1"
"02/08/2025","","12000.00","12461.23 Cr.","","","From:XXXX6668:S A DHANDAPANI","","14","1"
"02/08/2025","","7000.00","19461.23 Cr.","","","UPI/CR/766442685913/VISAKA I/PUNB/saravanand771@i/","","14","1"
"02/08/2025","18173.00","","1288.23 Cr.","","","UPI/DR/636128534592/SUNDARAM/HDFC/sundaramhospita/","","14","1"
"02/08/2025","200.00","","1088.23 Cr.","","","UPI/DR/889446009552/Mr S TAM/IDIB/9003889212@ybl/P","","14","1"
"02/08/2025","","5000.00","6088.23 Cr.","","","From:XXXX6668:S A DHANDAPANI","","14","1"
"02/08/2025","2000.00","","4088.23 Cr.","","","UPI/DR/338865109874/PL A MOT/KVBL/kvbupiqr.86038@/","","14","1"
"02/08/2025","2000.00","","2088.23 Cr.","","","UPI/DR/626973968498/PL A MOT/KVBL/kvbupiqr.86038@/","","14","1"
"02/08/2025","502.00","","1586.23 Cr.","","","UPI/DR/351423927735/PL A MOT/KVBL/kvbupiqr.86038@/","","14","1"
"03/08/2025","59.00","","1527.23 Cr.","","","UPI/DR/119041882155/Google/UTIB/playstore@axisb/Ma","","14","1"
"03/08/2025","900.00","","627.23 Cr.","","","UPI/DR/492115519217/MUTHAMIL/UBIN/selvanharini18@/","","14","1"
"03/08/2025","600.00","","27.23 Cr.","","","UPI/DR/067597851697/VISAKA I/PUNB/saravanand771@i/","","14","1"
"04/08/2025","","3500.00","3527.23 Cr.","","","UPI/CR/587422208061/VISAKA I/PUNB/saravanand771@y/","","14","1"
"04/08/2025","2667.00","","860.23 Cr.","","","UPI/DR/978121249756/THE ROY/YESB/paytm.d15388863/P","","14","1"
"05/08/2025","200.00","","660.23 Cr.","","","UPI/DR/840154537863/Mr S TAM/IDIB/arsantamiltamil/","","14","1"
"05/08/2025","282.00","","378.23 Cr.","","","UPI/DR/260549712229/SRINIVAS/SBIN/srinivasannewst/","","14","1"
"05/08/2025","","25000.00","25378.23 Cr.","","","From:XXXX6668:S A DHANDAPANI","","14","1"
"05/08/2025","9440.00","","15938.23 Cr.","","","UPI/DR/613762401727/Bank Acc/ICIC/000101537113@IC/","","14","1"
"05/08/2025","14500.00","","1438.23 Cr.","","","UPI/DR/186377445034/VISAKA I/PUNB/saravanand771@i/","","14","1"
"05/08/2025","204.00","","1234.23 Cr.","","","UPI/DR/642499524571/RAMALING/YESB/paytmqr664umj@p/","","14","1"
"05/08/2025","210.00","","1024.23 Cr.","","","UPI/DR/488822719249/ABHINAYA/YESB/Q992372077@ybl/P","","14","1"
"06/08/2025","379.00","","645.23 Cr.","","","UPI/DR/894089994804/IMRANKHA/LAVB/syedimmu2468@ok/","","14","1"
"06/08/2025","","7000.00","7645.23 Cr.","","","From:XXXX6668:S A DHANDAPANI","","14","1"
"06/08/2025","","5000.00","12645.23 Cr.","","","From:XXXX6668:S A DHANDAPANI","","14","1"
"06/08/2025","11000.00","","1645.23 Cr.","","","UPI/DR/926655998660/ARUN KUM/SBIN/arunkumardvkkin/","","14","1"
"06/08/2025","150.00","","1495.23 Cr.","","","UPI/DR/332391189650/RAMESHKU/YESB/Q160263502@ybl/P","","14","1"
"07/08/2025","","5000.00","6495.23 Cr.","","","UPI/CR/896495918903/VISAKA I/PUNB/saravanand771@y/","","14","1"
"07/08/2025","5000.00","","1495.23 Cr.","","","UPI/DR/935874617160/Bank Acc/PUNB/060300010112639/","","14","1"
"07/08/2025","216.00","","1279.23 Cr.","","","UPI/DR/127362906653/SUBA M/UJVN/subhajoshkathns/P","","14","1"
"07/08/2025","250.00","","1029.23 Cr.","","","UPI/DR/546540885244/Bank Acc/SIBL/038805300001481/","","14","1"
"07/08/2025","290.00","","739.23 Cr.","","","UPI/DR/735031882205/Google/UTIB/playstore@axisb/Ma","","14","1"
"08/08/2025","244.00","","495.23 Cr.","","","UPI/DR/741753593116/ROBERT W/ICIC/7639177799@ptax/","","14","1"
"08/08/2025","200.00","","295.23 Cr.","","","UPI/DR/510832231070/Mr S TAM/IDIB/arsantamiltamil/","","14","1"
"09/08/2025","","20000.00","20295.23 Cr.","","","From:XXXX6668:S A DHANDAPANI","","14","1"
"09/08/2025","7500.00","","12795.23 Cr.","","","UPI/DR/144692512692/VISAKA I/PUNB/saravanand771@y/","","14","1"
"09/08/2025","","17500.00","30295.23 Cr.","","","From:XXXX6668:S A DHANDAPANI","","14","1"
"09/08/2025","10000.00","","20295.23 Cr.","","","UPI/DR/821549248609/Bank Acc/SIBL/038805300001481/","","14","1"
"09/08/2025","15339.00","","4956.23 Cr.","","","UPI/DR/196230918922/GRAND LU/UTIB/paytm.d54950645/","","14","1"
"10/08/2025","2217.00","","2739.23 Cr.","","","UPI/DR/709746071059/GRAND LU/UTIB/paytm.d54950645/","","14","1"
"10/08/2025","257.00","","2482.23 Cr.","","","UPI/DR/827930712370/VINOTH/SBIN/vinothms77@oksb/Pa","","14","1"
"10/08/2025","1611.00","","871.23 Cr.","","","UPI/DR/237476889115/ZOMATO L/HDFC/zomatofd.payu@h/","","14","1"
"11/08/2025","500.00","","371.23 Cr.","","","UPI/DR/930422065664/VISAKA I/PUNB/saravanand771@y/","","14","1"
"11/08/2025","","1000.00","1371.23 Cr.","","","UPI/CR/630582495253/VISAKA I/PUNB/saravanand771@y/","","14","1"
"11/08/2025","899.00","","472.23 Cr.","","","UPI/DR/522223238747/SUNTVNET/AIRP/suntvnetworklim/","","15","1"
"11/08/2025","","20000.00","20472.23 Cr.","","","UPI/CR/835661852721/VISAKA I/PUNB/saravanand771@y/","","15","1"
"11/08/2025","20000.00","","472.23 Cr.","","","UPI/DR/058557868565/JAYAPRAK/KVBL/jayaprakash2044/","","15","1"
"11/08/2025","","27500.00","27972.23 Cr.","","","From:XXXX6668:S A DHANDAPANI","","15","1"
"11/08/2025","20000.00","","7972.23 Cr.","","","UPI/DR/968434732180/VISAKA I/PUNB/saravanand771@y/","","15","1"
"12/08/2025","6500.00","","1472.23 Cr.","","","D16724422CR TO440300NG00001252 : TO:SAR:D16724422CR TO440300NG00001252","","15","1"
"12/08/2025","1044.40","","427.83 Cr.","","","UPI/DR/559090050681/BIGTREE/UTIB/bookmyshow@axb/De","","15","1"
"13/08/2025","","10000.00","10427.83 Cr.","","","From:XXXX9601:VISAKA INDANE NDNE RETAILER","","15","1"
"13/08/2025","10000.00","","427.83 Cr.","","","UPI/DR/227728643991/Bank Acc/PUNB/060300010112639/","","15","1"
"14/08/2025","200.00","","227.83 Cr.","","","UPI/DR/048845475173/Mr S TAM/IDIB/arsantamiltamil/","","15","1"
"14/08/2025","","2010.00","2237.83 Cr.","","","UPI/CR/595772164306/VISAKA I/PUNB/saravanand771@i/","","15","1"
"14/08/2025","2000.00","","237.83 Cr.","","","UPI/DR/122393601320/Bank Acc/IDIB/405666404@IDIB0/","","15","1"
"17/08/2025","198.00","","39.83 Cr.","","","UPI/DR/504062870546/Jio Rech/YESB/JIOINAPPDIRECT@/","","15","1"
"18/08/2025","","10000.00","10039.83 Cr.","","","UPI/CR/523093863064/GUNA SEK/HDFC/gunajayapal346-/","","15","1"
"18/08/2025","7000.00","","3039.83 Cr.","","","UPI/DR/039652960074/Bank Acc/SIBL/038805300001481/","","15","1"
"18/08/2025","200.00","","2839.83 Cr.","","","UPI/DR/791653855200/Mr GANES/IDIB/gpganesh36-1@ok/","","15","1"
"18/08/2025","1180.00","","1659.83 Cr.","","","UPI/DR/153406864961/THENI EV/YESB/paytmqr28100505/","","15","1"
"18/08/2025","150.00","","1509.83 Cr.","","","UPI/DR/974613410197/THENI EV/TMBL/thenieverest@tm/","","15","1"
"18/08/2025","200.00","","1309.83 Cr.","","","UPI/DR/536121619455/Mr GANES/IDIB/gpganesh36-1@ok/","","15","1"
"18/08/2025","2.00","","1307.83 Cr.","","","UPI/DR/251478772305/Google P/UTIB/playstore@axisb/","","15","1"
"18/08/2025","","2.00","1309.83 Cr.","","","UPI/CR/251507032305/Google P/UTIB/googlepay@axisb/","","15","1"
"19/08/2025","290.00","","1019.83 Cr.","","","UPI/DR/348205572315/Google/UTIB/playstore@axisb/Ma","","15","1"
"19/08/2025","","7500.00","8519.83 Cr.","","","From:XXXX6668:S A DHANDAPANI","","15","1"
"19/08/2025","7000.00","","1519.83 Cr.","","","UPI/DR/766778483749/Bank Acc/SIBL/038805300001481/","","15","1"
"19/08/2025","","12500.00","14019.83 Cr.","","","From:XXXX6668:S A DHANDAPANI","","15","1"
"19/08/2025","10000.00","","4019.83 Cr.","","","UPI/DR/989606595909/Mr Subra/IDIB/manikandankavin/","","15","1"
"19/08/2025","1000.00","","3019.83 Cr.","","","UPI/DR/100063398191/TVS MOBI/YESB/paytmqr6c5zsi@p/","","15","1"
"19/08/2025","290.00","","2729.83 Cr.","","","UPI/DR/997421642615/KUMUDHAM/YESB/paytm.s1a4opm@p/","","15","1"
"19/08/2025","2400.00","","329.83 Cr.","","","UPI/DR/905855977136/PARASHY/YESB/paytm.s1fsqlz@p/P","","15","1"
"19/08/2025","","1000.00","1329.83 Cr.","","","UPI/CR/441656947650/VISAKA I/PUNB/saravanand771@y/","","15","1"
"19/08/2025","","3000.00","4329.83 Cr.","","","From:XXXX6668:S A DHANDAPANI","","15","1"
"20/08/2025","479.00","","3850.83 Cr.","","","UPI/DR/643138539389/Mr Biswa/IDIB/9025637924@ptax/","","15","1"
"20/08/2025","1712.00","","2138.83 Cr.","","","UPI/DR/460364172382/SIVA SUB/SBIN/shivamuru@oksbi/","","15","1"
"20/08/2025","85.00","","2053.83 Cr.","","","UPI/DR/015781389766/Radha te/YESB/paytmqr6ffixh@p/","","15","1"
"20/08/2025","1266.00","","787.83 Cr.","","","UPI/DR/960710165890/Swiggy L/UTIB/swiggy.stores@a/","","15","1"
"21/08/2025","690.00","","97.83 Cr.","","","UPI/DR/682767872335/Google P/UTIB/playstore@axisb/","","15","1"
"22/08/2025","","21243.00","21340.83 Cr.","","","IMPS-IN/523485605073/9349156723/MUTHOOT","","15","1"
"22/08/2025","20000.00","","1340.83 Cr.","","","UPI/DR/431112215416/VISAKA I/PUNB/saravanand771@y/","","15","1"
"22/08/2025","150.00","","1190.83 Cr.","","","UPI/DR/363753692907/AAKASH E/HDFC/aakashinstitute/","","15","1"
"22/08/2025","200.00","","990.83 Cr.","","","UPI/DR/620929785568/Mr S TAM/IDIB/arsantamiltamil/","","15","1"
"22/08/2025","","20000.00","20990.83 Cr.","","","From:XXXX6668:S A DHANDAPANI","","15","1"
"22/08/2025","19200.00","","1790.83 Cr.","","","UPI/DR/178412076585/SANKAR M/KVBL/shankartcode@ok/","","15","1"
"22/08/2025","1300.00","","490.83 Cr.","","","UPI/DR/784418962345/Google P/UTIB/playstore@axisb/","","15","1"
"22/08/2025","","1500.00","1990.83 Cr.","","","UPI/CR/272348218910/VISAKA I/PUNB/saravanand771@y/","","15","1"
"22/08/2025","1460.00","","530.83 Cr.","","","UPI/DR/006273666744/SWIGGY/ICIC/upiswiggy@icici/Pa","","15","1"
"24/08/2025","","1500.00","2030.83 Cr.","","","UPI/CR/074245228659/VISAKA I/PUNB/saravanand771@y/","","15","1"
"24/08/2025","899.00","","1131.83 Cr.","","","UPI/DR/748218770859/RAMPRASS/UTIB/ramprassanna228/","","15","1"
"25/08/2025","410.00","","721.83 Cr.","","","UPI/DR/746632539347/Zomato p/UTIB/zomato.payu@axi/","","15","1"
"25/08/2025","200.00","","521.83 Cr.","","","UPI/DR/584330254451/Mr S TAM/IDIB/arsantamiltamil/","","15","1"
"25/08/2025","120.00","","401.83 Cr.","","","UPI/DR/049971909649/E VIJAYA/IOBA/viji78768@okaxi/","","15","1"
"25/08/2025","","27500.00","27901.83 Cr.","","","From:XXXX9601:VISAKA INDANE NDNE RETAILER","","15","1"
"25/08/2025","25875.00","","2026.83 Cr.","","","UPI/DR/739727819781/Bank Acc/SBIN/32542044716@SBI/","","15","1"
"25/08/2025","202.52","","1824.31 Cr.","","","UPI/DR/175396181230/Asg lour/YESB/paytm-9037118@p/","","15","1"
"25/08/2025","170.00","","1654.31 Cr.","","","UPI/DR/551392110756/Sri Nall/UTIB/gpay-1117631793/","","16","1"
"25/08/2025","","3500.00","5154.31 Cr.","","","UPI/CR/263523918513/VISAKA I/PUNB/saravanand771@y/","","16","1"
"25/08/2025","3000.00","","2154.31 Cr.","","","UPI/DR/371803765634/Ms AFari/IDIB/9344589010@ybl/P","","16","1"
"25/08/2025","680.00","","1474.31 Cr.","","","UPI/DR/049292372224/SWIGGY/ICIC/upiswiggy@icici/Pa","","16","1"
"25/08/2025","1000.00","","474.31 Cr.","","","UPI/DR/897186946610/Bank Acc/SIBL/038805300001481/","","16","1"
"26/08/2025","","4500.00","4974.31 Cr.","","","UPI/CR/114624236772/VISAKA I/PUNB/saravanand771@y/","","16","1"
"26/08/2025","1500.00","","3474.31 Cr.","","","UPI/DR/945121423352/Mr JAYA/IDIB/www.jsuri3344@o/P","","16","1"
"26/08/2025","290.00","","3184.31 Cr.","","","UPI/DR/374203812385/Google/UTIB/playstore@axisb/Ma","","16","1"
"26/08/2025","","2000.00","5184.31 Cr.","","","UPI/CR/523849827555/DHANALAK/CNRB/dhanyasridhana-/","","16","1"
"26/08/2025","","5000.00","10184.31 Cr.","","","UPI/CR/450867538156/VISAKA I/PUNB/saravanand771@y/","","16","1"
"26/08/2025","10000.00","","184.31 Cr.","","","UPI/DR/416209816582/VISAKA I/PUNB/saravanand771@y/","","16","1"
"26/08/2025","","1000.00","1184.31 Cr.","","","UPI/CR/523847020810/SATHYA S/SIBL/simpleshakthii@/","","16","1"
"26/08/2025","1000.00","","184.31 Cr.","","","UPI/DR/803391572861/VISAKA I/PUNB/saravanand771@y/","","16","1"
"26/08/2025","","10000.00","10184.31 Cr.","","","UPI/CR/523864364025/GUNA SEK/HDFC/gunajayapal346-/","","16","1"
"26/08/2025","","12500.00","22684.31 Cr.","","","From:XXXX6668:S A DHANDAPANI","","16","1"
"26/08/2025","12000.00","","10684.31 Cr.","","","UPI/DR/605309293901/RAMESH V/UTIB/rameshtamil1967/","","16","1"
"26/08/2025","7000.00","","3684.31 Cr.","","","UPI/DR/028701786977/Bank Acc/SIBL/038805300001481/","","16","1"
"27/08/2025","200.00","","3484.31 Cr.","","","UPI/DR/969626121728/Mr S TAM/IDIB/arsantamiltamil/","","16","1"
"27/08/2025","1000.00","","2484.31 Cr.","","","UPI/DR/166088019172/SIVAKUMA/BARB/9952395887-2@yb/","","16","1"
"27/08/2025","210.00","","2274.31 Cr.","","","UPI/DR/225765378577/Swiggy L/UTIB/swiggy.stores@a/","","16","1"
"27/08/2025","","3950.00","6224.31 Cr.","","","From:XXXX6668:S A DHANDAPANI","","16","1"
"27/08/2025","1000.00","","5224.31 Cr.","","","UPI/DR/529527940379/SAKTHIVE/CNRB/vels43458@okhdf/","","16","1"
"27/08/2025","170.00","","5054.31 Cr.","","","UPI/DR/801197254137/MUHAMMED/YESB/Q971460461@ybl/P","","16","1"
"27/08/2025","830.00","","4224.31 Cr.","","","UPI/DR/185702393793/Iqbal P/YESB/paytmqr668njb@p/P","","16","1"
"27/08/2025","489.00","","3735.31 Cr.","","","UPI/DR/733644767173/Zomato p/UTIB/zomato.payu@axi/","","16","1"
"27/08/2025","3000.00","","735.31 Cr.","","","UPI/DR/402655709266/VISAKA I/PUNB/saravanand771@y/","","16","1"
"28/08/2025","","20000.00","20735.31 Cr.","","","From:XXXX6668:S A DHANDAPANI","","16","1"
"28/08/2025","10000.00","","10735.31 Cr.","","","ATM WDR 524006024338 PON NAGAR BR","","16","1"
"28/08/2025","27.14","","10708.17 Cr.","","","ATM WDR 524006024338 PON NAGAR BR","","16","1"
"28/08/2025","5000.00","","5708.17 Cr.","","","UPI/DR/831203783464/VISAKA I/PUNB/saravanand771@i/","","16","1"
"28/08/2025","1000.00","","4708.17 Cr.","","","UPI/DR/410361757296/Bank Acc/SIBL/038805300001481/","","16","1"
"28/08/2025","690.00","","4018.17 Cr.","","","UPI/DR/671842322405/Google P/UTIB/playstore@axisb/","","16","1"
"29/08/2025","","12000.00","16018.17 Cr.","","","From:XXXX6668:S A DHANDAPANI","","16","1"
"29/08/2025","","10000.00","26018.17 Cr.","","","UPI/CR/560788122054/NAINA S/IOBA/gunajayapal346-/U","","16","1"
"29/08/2025","5000.00","","21018.17 Cr.","","","ATM WDR 4013 PNB \BO AGS LAYOUT \ BANGA","","16","1"
"29/08/2025","5000.00","","16018.17 Cr.","","","UPI/DR/854719179765/Bank Acc/SIBL/038805300001481/","","16","1"
"29/08/2025","2000.00","","14018.17 Cr.","","","UPI/DR/806881139034/Reliance/YESB/paytm.d15487625/","","16","1"
"29/08/2025","1500.00","","12518.17 Cr.","","","UPI/DR/106742662010/Bank Acc/SIBL/038805300001481/","","16","1"
"30/08/2025","700.00","","11818.17 Cr.","","","UPI/DR/701587029269/Mr S TAM/IDIB/arsantamiltamil/","","16","1"
"30/08/2025","","10000.00","21818.17 Cr.","","","UPI/CR/015922591238/VISAKA I/PUNB/saravanand771@y/","","16","1"
"30/08/2025","20560.00","","1258.17 Cr.","","","UPI/DR/047974540003/SUNDARAM/HDFC/sundaramhospita/","","16","1"
"30/08/2025","","57000.00","58258.17 Cr.","","","From:XXXX6668:S A DHANDAPANI","","16","1"
"30/08/2025","19440.00","","38818.17 Cr.","","","UPI/DR/031567709933/Bank Acc/SBIN/30139846907@SBI/","","16","1"
"30/08/2025","34400.00","","4418.17 Cr.","","","UPI/DR/915617311334/Bank Acc/ICIC/131101505743@IC/","","16","1"
"30/08/2025","","12000.00","16418.17 Cr.","","","From:XXXX6668:S A DHANDAPANI","","16","1"
"30/08/2025","10000.00","","6418.17 Cr.","","","UPI/DR/706495606308/MANIKAND/SBIN/palanimanikanda/","","16","1"
"30/08/2025","615.30","","5802.87 Cr.","","","UPI/DR/518020425019/Zomato p/UTIB/zomato.payu@axi/","","16","1"
"30/08/2025","1500.00","","4302.87 Cr.","","","UPI/DR/938287689640/Mr Murug/IDIB/mruganmani05-1@/","","16","1"
"30/08/2025","","1750.00","6052.87 Cr.","","","UPI/CR/524254434939/NEELAMEG/ICIC/msn.neelamegam@/","","16","1"
"30/08/2025","2000.00","","4052.87 Cr.","","","UPI/DR/944234618194/Bank Acc/SIBL/038805300001481/","","16","1"
"30/08/2025","570.00","","3482.87 Cr.","","","UPI/DR/504747111289/Cake Bee/YESB/Q347058907@ybl/P","","16","1"
"31/08/2025","329.00","","3153.87 Cr.","","","UPI/DR/677293468066/Swiggy L/UTIB/swiggyupi@axb/Pa","","16","1"
"31/08/2025","1025.50","","2128.37 Cr.","","","UPI/DR/792041793754/Smart Ti/JIOP/2306665884342-0/","","17","1"
"01/09/2025","200.00","","1928.37 Cr.","","","UPI/DR/075628535189/Mr S TAM/IDIB/arsantamiltamil/","","17","1"
"01/09/2025","170.00","","1758.37 Cr.","","","UPI/DR/844112831371/Sri Nall/UTIB/gpay-1117631793/","","17","1"
"01/09/2025","223.00","","1535.37 Cr.","","","UPI/DR/535132174142/Swiggy L/UTIB/swiggy.stores@a/","","17","1"
"01/09/2025","180.00","","1355.37 Cr.","","","UPI/DR/779566499720/RAMALING/YESB/paytmqr5c9vyd@p/","","17","1"
"02/09/2025","340.00","","1015.37 Cr.","","","UPI/DR/833873298649/SUBHA M/KVBL/subhajoshkathns/P","","17","1"
"02/09/2025","290.00","","725.37 Cr.","","","UPI/DR/381707182455/Google/UTIB/playstore@axisb/Ma","","17","1"
"02/09/2025","","10000.00","10725.37 Cr.","","","From:XXXX9601:VISAKA INDANE NDNE RETAILER","","17","1"
"02/09/2025","10000.00","","725.37 Cr.","","","UPI/DR/792418275961/PANDIYAN/BKID/pandianj.11@oks/","","17","1"
"02/09/2025","","25000.00","25725.37 Cr.","","","UPI/CR/524534143602/G RAMESH/IOBA/rameshlr24-1@ok/","","17","1"
"02/09/2025","25000.00","","725.37 Cr.","","","UPI/DR/842190559059/Bank Acc/PUNB/045700210003666/","","17","1"
"03/09/2025","200.00","","525.37 Cr.","","","UPI/DR/994448341913/Mr S TAM/IDIB/arsantamiltamil/","","17","1"
"03/09/2025","115.00","","410.37 Cr.","","","UPI/DR/841669387153/JULIET D/YESB/Q976307035@ybl/P","","17","1"
"03/09/2025","","1020.00","1430.37 Cr.","","","From:XXXX6668:S A DHANDAPANI","","17","1"
"03/09/2025","59.00","","1371.37 Cr.","","","UPI/DR/522949992465/Google/UTIB/playstore@axisb/Ma","","17","1"
"03/09/2025","","20000.00","21371.37 Cr.","","","From:XXXX9601:VISAKA INDANE NDNE RETAILER","","17","1"
"03/09/2025","7700.00","","13671.37 Cr.","","","UPI/DR/182634933902/NABISAHE/CNRB/8884348132@ybl/P","","17","1"
"03/09/2025","10000.00","","3671.37 Cr.","","","UPI/DR/929468044427/VIJAYAKU/FDRL/aprvijay4545-1@/","","17","1"
"03/09/2025","81.00","","3590.37 Cr.","","","UPI/DR/210476040441/RAMKUMAR/FDRL/7339581743-2@yb/","","17","1"
"03/09/2025","","52600.00","56190.37 Cr.","","","From:XXXX9601:VISAKA INDANE NDNE RETAILER","","17","1"
"03/09/2025","10000.00","","46190.37 Cr.","","","UPI/DR/558962979786/JAYAPRAK/KVBL/jayaprakash2044/","","17","1"
"03/09/2025","5400.00","","40790.37 Cr.","","","UPI/DR/399255711417/RAMESH V/UTIB/rameshtamil1967/","","17","1"
"03/09/2025","487.00","","40303.37 Cr.","","","UPI/DR/219329000055/Zomato p/UTIB/zomato.payu@axi/","","17","1"
"03/09/2025","358.00","","39945.37 Cr.","","","UPI/DR/574569979370/ZOMATO/HDFC/payzomato@hdfcb/Pa","","17","1"
"04/09/2025","25228.00","","14717.37 Cr.","","","UPI/DR/723725346411/PhonePe/YESB/BBPSBP@ybl/Paymen","","17","1"
"04/09/2025","1000.00","","13717.37 Cr.","","","UPI/DR/881849235556/Bavithra/SBIN/bavithrasubrama/","","17","1"
"04/09/2025","700.00","","13017.37 Cr.","","","UPI/DR/521045021257/SIVAKUMA/BARB/9952395887-2@ib/","","17","1"
"04/09/2025","565.00","","12452.37 Cr.","","","UPI/DR/813357007565/Swiggy I/YESB/swiggyinstamart/","","17","1"
"04/09/2025","192.00","","12260.37 Cr.","","","UPI/DR/764785625939/Swiggy I/YESB/swiggyinstamart/","","17","1"
"04/09/2025","10000.00","","2260.37 Cr.","","","UPI/DR/741821873436/Bank Acc/SBIN/30580148566@SBI/","","17","1"
"04/09/2025","690.00","","1570.37 Cr.","","","UPI/DR/711163032475/Google P/UTIB/playstore@axisb/","","17","1"
"04/09/2025","1499.00","","71.37 Cr.","","","UPI/DR/524795663567/Rblbank/RATN/amazon@rapl/Amazo","","17","1"
"05/09/2025","","700.00","771.37 Cr.","","","UPI/CR/561170289738/VISAKA I/PUNB/saravanand771@y/","","17","1"
"05/09/2025","669.00","","102.37 Cr.","","","UPI/DR/260335348930/Swiggy I/YESB/swiggyinstamart/","","17","1"
"05/09/2025","","20000.00","20102.37 Cr.","","","From:XXXX6668:S A DHANDAPANI","","17","1"
"05/09/2025","10000.00","","10102.37 Cr.","","","UPI/DR/151361057541/MANIKAND/SBIN/palanimanikanda/","","17","1"
"05/09/2025","10000.00","","102.37 Cr.","","","UPI/DR/134119565942/JAYAPRAK/KVBL/jayaprakash2044/","","17","1"
"05/09/2025","","15000.00","15102.37 Cr.","","","From:XXXX6668:S A DHANDAPANI","","17","1"
"05/09/2025","5000.00","","10102.37 Cr.","","","UPI/DR/183323635242/Bank Acc/PUNB/060300010112639/","","17","1"
"05/09/2025","10000.00","","102.37 Cr.","","","UPI/DR/065538175648/AJITH KU/KVBL/ajithkumarvelu1/","","17","1"
"05/09/2025","","2000.00","2102.37 Cr.","","","UPI/CR/247065840896/VISAKA I/PUNB/saravanand771@y/","","17","1"
"05/09/2025","1835.00","","267.37 Cr.","","","UPI/DR/417708366570/HOTEL RA/HDFC/hotelraja.67007/","","17","1"
"06/09/2025","","16000.00","16267.37 Cr.","","","From:XXXX6668:S A DHANDAPANI","","17","1"
"06/09/2025","8000.00","","8267.37 Cr.","","","UPI/DR/198886438148/PANDIYAN/BKID/pandianj.11@oks/","","17","1"
"06/09/2025","6740.00","","1527.37 Cr.","","","UPI/DR/244866982826/Bank Acc/IDIB/6852293265@IDIB/","","17","1"
"07/09/2025","200.00","","1327.37 Cr.","","","UPI/DR/789949263134/Mr S TAM/IDIB/arsantamiltamil/","","17","1"
"07/09/2025","","5700.00","7027.37 Cr.","","","From:XXXX6668:S A DHANDAPANI","","17","1"
"07/09/2025","3700.00","","3327.37 Cr.","","","ATM WDR 525009000908 PON NAGAR","","17","1"
"07/09/2025","27.14","","3300.23 Cr.","","","ATM WDR 525009000908 PON NAGAR","","17","1"
"07/09/2025","905.00","","2395.23 Cr.","","","UPI/DR/109629047407/ASWINS H/HDFC/aswinshomespeci/","","17","1"
"07/09/2025","1000.00","","1395.23 Cr.","","","UPI/DR/898343179939/Bank Acc/SIBL/038805300001481/","","17","1"
"07/09/2025","249.00","","1146.23 Cr.","","","UPI/DR/785101498445/Swiggy/ICIC/swiggystores@ic/Pa","","18","1"
"08/09/2025","232.00","","914.23 Cr.","","","UPI/DR/664389856922/Mr Balas/IDIB/9751236236@yesp/","","18","1"
"08/09/2025","","2820.00","3734.23 Cr.","","","From:XXXX6668:S A DHANDAPANI","","18","1"
"08/09/2025","2740.00","","994.23 Cr.","","","UPI/DR/389316205865/P HEMA/SBIN/hema.pk70@okici/P","","18","1"
"08/09/2025","300.00","","694.23 Cr.","","","UPI/DR/731263080986/P HEMA/SBIN/hema.pk70@okici/P","","18","1"
"08/09/2025","500.00","","194.23 Cr.","","","UPI/DR/222517287567/VISAKA I/PUNB/saravanand771@y/","","18","1"
"08/09/2025","","5000.00","5194.23 Cr.","","","UPI/CR/345802906627/VISAKA I/PUNB/saravanand771@y/","","18","1"
"08/09/2025","1314.00","","3880.23 Cr.","","","UPI/DR/619257196271/LAKSHMI/YESB/Q399715654@ybl/Pa","","18","1"
"08/09/2025","665.00","","3215.23 Cr.","","","UPI/DR/951253364618/amazon p/YESB/amazonpaygrocer/","","18","1"
"08/09/2025","2944.00","","271.23 Cr.","","","UPI/DR/793129166725/Amazon I/UTIB/amazonupi@apl/Yo","","18","1"
"09/09/2025","","12000.00","12271.23 Cr.","","","From:XXXX6668:S A DHANDAPANI","","18","1"
"09/09/2025","5500.00","","6771.23 Cr.","","","UPI/DR/125328384061/MOHAMED/KVBL/mohamedsatharud/P","","18","1"
"09/09/2025","1000.00","","5771.23 Cr.","","","UPI/DR/693737396668/Bank Acc/SIBL/038805300001481/","","18","1"
"09/09/2025","290.00","","5481.23 Cr.","","","UPI/DR/438073842525/Google/UTIB/playstore@axisb/Ma","","18","1"
"09/09/2025","","2000.00","7481.23 Cr.","","","UPI/CR/750103061194/VISAKA I/PUNB/saravanand771@y/","","18","1"
"09/09/2025","5991.00","","1490.23 Cr.","","","UPI/DR/435982828258/Metro Br/ICIC/ibkPOS.EP118824/","","18","1"
"10/09/2025","","17000.00","18490.23 Cr.","","","From:XXXX6668:S A DHANDAPANI","","18","1"
"10/09/2025","10000.00","","8490.23 Cr.","","","UPI/DR/002604290983/Mr Manik/IDIB/7639355545@ibl/P","","18","1"
"10/09/2025","5000.00","","3490.23 Cr.","","","UPI/DR/304691032222/Bank Acc/IDIB/405666404@IDIB0/","","18","1"
"10/09/2025","2000.00","","1490.23 Cr.","","","UPI/DR/728059220805/SANTHOSH/KVBL/santhoshsivan82/","","18","1"
"11/09/2025","","17500.00","18990.23 Cr.","","","From:XXXX9601:VISAKA INDANE NDNE RETAILER","","18","1"
"11/09/2025","6500.00","","12490.23 Cr.","","","D16724422CR TO440300NG00001252 : TO:SAR:D16724422CR TO440300NG00001252","","18","1"
"11/09/2025","200.00","","12290.23 Cr.","","","UPI/DR/869713088592/Mr S TAM/IDIB/arsantamiltamil/","","18","1"
"11/09/2025","11430.00","","860.23 Cr.","","","UPI/DR/909678913070/M/S.AGS/ICIC/agsthangamaalig/P","","18","1"
"11/09/2025","","7500.00","8360.23 Cr.","","","From:XXXX6668:S A DHANDAPANI","","18","1"
"11/09/2025","7000.00","","1360.23 Cr.","","","UPI/DR/101635006292/Bank Acc/ICIC/131101505743@IC/","","18","1"
"11/09/2025","","1750.00","3110.23 Cr.","","","UPI/CR/618876673376/VISAKA I/PUNB/saravanand771@y/","","18","1"
"11/09/2025","1972.45","","1137.78 Cr.","","","UPI/DR/963087400655/SMART TX/YESB/paytm-73257006@/","","18","1"
"11/09/2025","690.00","","447.78 Cr.","","","UPI/DR/792025962545/Google P/UTIB/playstore@axisb/","","18","1"
"11/09/2025","364.00","","83.78 Cr.","","","UPI/DR/162162474991/MOHANKUM/CNRB/sivavidhya1003@/","","18","1"
"12/09/2025","","2939.00","3022.78 Cr.","","","UPI/CR/883207752555/Amazon P/UTIB/amazon.refunds@/","","18","1"
"12/09/2025","38.00","","2984.78 Cr.","","","UPI/DR/471705908541/VALLIYAM/YESB/Q931126176@ybl/P","","18","1"
"12/09/2025","278.00","","2706.78 Cr.","","","UPI/DR/459662849942/SOFTY 10/HDFC/softy100.680224/","","18","1"
"12/09/2025","","1000.00","3706.78 Cr.","","","UPI/CR/793634003887/VISAKA I/PUNB/saravanand771@y/","","18","1"
"12/09/2025","1935.00","","1771.78 Cr.","","","UPI/DR/048919457615/SAHADEVA/YESB/paytmqr28100505/","","18","1"
"13/09/2025","200.00","","1571.78 Cr.","","","UPI/DR/571113826945/Mr S TAM/IDIB/arsantamiltamil/","","18","1"
"13/09/2025","","500.00","2071.78 Cr.","","","UPI/CR/027483676193/VISAKA I/PUNB/saravanand771@y/","","18","1"
"13/09/2025","1579.00","","492.78 Cr.","","","UPI/DR/286959766462/Swiggy L/UTIB/swiggyupi@axb/Pa","","18","1"
"14/09/2025","","25000.00","25492.78 Cr.","","","From:XXXX6668:S A DHANDAPANI","","18","1"
"14/09/2025","10000.00","","15492.78 Cr.","","","ATM WDR 525714001341 PON NAGAR","","18","1"
"14/09/2025","27.14","","15465.64 Cr.","","","ATM WDR 525714001341 PON NAGAR","","18","1"
"14/09/2025","15000.00","","465.64 Cr.","","","UPI/DR/988364142153/VISAKA I/PUNB/saravanand771@y/","","18","1"
"14/09/2025","128.00","","337.64 Cr.","","","UPI/DR/467372397217/Swiggy L/UTIB/swiggy.stores@a/","","18","1"
"14/09/2025","","7500.00","7837.64 Cr.","","","From:XXXX6668:S A DHANDAPANI","","18","1"
"14/09/2025","3425.62","","4412.02 Cr.","","","UPI/DR/917329698300/ARK FUEL/YESB/paytm-46042661@/","","18","1"
"14/09/2025","27.14","","4384.88 Cr.","","","ATM WDR 525723021275 PON NAGAR BR","","18","1"
"14/09/2025","3000.00","","1384.88 Cr.","","","ATM WDR 525723021275 PON NAGAR BR","","18","1"
"15/09/2025","750.00","","634.88 Cr.","","","UPI/DR/594947565181/PhonePe/YESB/BBPSBP@ybl/Paymen","","18","1"
"15/09/2025","200.00","","434.88 Cr.","","","UPI/DR/783846053502/Mr S TAM/IDIB/arsantamiltamil/","","18","1"
"15/09/2025","300.00","","134.88 Cr.","","","UPI/DR/294388271490/VISAKA I/PUNB/saravanand771@y/","","18","1"
"16/09/2025","","2000.00","2134.88 Cr.","","","UPI/CR/802692175061/VISAKA I/PUNB/saravanand771@y/","","19","1"
"16/09/2025","524.00","","1610.88 Cr.","","","UPI/DR/052217125312/Zomato p/UTIB/zomato.payu@axi/","","19","1"
"17/09/2025","290.00","","1320.88 Cr.","","","UPI/DR/709236472605/Google/UTIB/playstore@axisb/Ma","","19","1"
"17/09/2025","","25000.00","26320.88 Cr.","","","From:XXXX6668:S A DHANDAPANI","","19","1"
"17/09/2025","2000.00","","24320.88 Cr.","","","UPI/DR/349771327775/Rajani M/YESB/paytmqr6fdl6y@p/","","19","1"
"18/09/2025","9440.00","","14880.88 Cr.","","","UPI/DR/308331720692/Mr Manik/IDIB/7639355545@ybl/P","","19","1"
"18/09/2025","9035.00","","5845.88 Cr.","","","UPI/DR/452803688299/AJITH KU/KVBL/9629243665@ybl/P","","19","1"
"18/09/2025","","7000.00","12845.88 Cr.","","","UPI/CR/697383117152/VISAKA I/PUNB/saravanand771@y/","","19","1"
"18/09/2025","12000.00","","845.88 Cr.","","","UPI/DR/434546331578/SARUTHI/UTIB/saruthiselvam29/P","","19","1"
"18/09/2025","","26000.00","26845.88 Cr.","","","From:XXXX6668:S A DHANDAPANI","","19","1"
"18/09/2025","10000.00","","16845.88 Cr.","","","UPI/DR/507073655904/UMANATH/KVBL/umanath25031983/P","","19","1"
"18/09/2025","690.00","","16155.88 Cr.","","","UPI/DR/913714142615/Google P/UTIB/playstore@axisb/","","19","1"
"19/09/2025","5500.00","","10655.88 Cr.","","","UPI/DR/258171132233/Bank Acc/SIBL/038805300001481/","","19","1"
"19/09/2025","500.00","","10155.88 Cr.","","","UPI/DR/127282142340/SIVAKUMA/BARB/9952395887-2@yb/","","19","1"
"20/09/2025","","12000.00","22155.88 Cr.","","","From:XXXX6668:S A DHANDAPANI","","19","1"
"20/09/2025","10000.00","","12155.88 Cr.","","","UPI/DR/200958735140/Mr JAYA/IDIB/www.jsuri3344@o/P","","19","1"
"20/09/2025","1000.00","","11155.88 Cr.","","","UPI/DR/144257886045/Bank Acc/PUNB/060300010112639/","","19","1"
"20/09/2025","2500.00","","8655.88 Cr.","","","UPI/DR/710345005177/MUTHUKUM/ESFB/lillymuthazhagu/","","19","1"
"20/09/2025","2300.00","","6355.88 Cr.","","","UPI/DR/432130084179/MURALI V/CNRB/vijayan.murali1/","","19","1"
"20/09/2025","","12000.00","18355.88 Cr.","","","From:XXXX6668:S A DHANDAPANI","","19","1"
"20/09/2025","10000.00","","8355.88 Cr.","","","UPI/DR/254134415197/VIJAYAKU/FDRL/aprvijay4545-1@/","","19","1"
"20/09/2025","","5500.00","13855.88 Cr.","","","From:XXXX6668:S A DHANDAPANI","","19","1"
"21/09/2025","4500.00","","9355.88 Cr.","","","UPI/DR/664942017777/RAMESHKU/SBIN/rameshg.ece-1@o/","","19","1"
"21/09/2025","3000.00","","6355.88 Cr.","","","UPI/DR/420926404585/GOVINDAN/ESFB/govindan4929@yb/","","19","1"
"21/09/2025","2000.00","","4355.88 Cr.","","","UPI/DR/190027494833/Adhoc De/YESB/paytm-82597593@/","","19","1"
"21/09/2025","170.22","","4185.66 Cr.","","","MAB CHRG ACCOUNT-7533 2025-07-01 TO 2025-07-31","","19","1"
"21/09/2025","626.00","","3559.66 Cr.","","","UPI/DR/648483620747/Swiggy L/UTIB/swiggyupi@axb/Pa","","19","1"
"21/09/2025","1500.00","","2059.66 Cr.","","","UPI/DR/733694927853/Bank Acc/SIBL/038805300001481/","","19","1"
"22/09/2025","200.00","","1859.66 Cr.","","","UPI/DR/322352540280/Mr S TAM/IDIB/arsantamiltamil/","","19","1"
"22/09/2025","","2000.00","3859.66 Cr.","","","UPI/CR/650525819340/VISAKA I/PUNB/saravanand771@y/","","19","1"
"22/09/2025","3000.00","","859.66 Cr.","","","UPI/DR/224845777438/PANIMALA/KVBL/subashlorry6725/","","19","1"
"22/09/2025","","30000.00","30859.66 Cr.","","","From:XXXX6668:S A DHANDAPANI","","19","1"
"22/09/2025","18000.00","","12859.66 Cr.","","","UPI/DR/276874410544/Bank Acc/IDIB/6365315616@IDIB/","","19","1"
"22/09/2025","7000.00","","5859.66 Cr.","","","UPI/DR/184798998655/Bank Acc/KVBL/119513500001508/","","19","1"
"22/09/2025","272.00","","5587.66 Cr.","","","UPI/DR/930555006605/Mr Santh/IDIB/santhoshsanthos/","","19","1"
"23/09/2025","200.00","","5387.66 Cr.","","","UPI/DR/852263721151/Mr S TAM/IDIB/arsantamiltamil/","","19","1"
"23/09/2025","214.00","","5173.66 Cr.","","","UPI/DR/906531168927/Swiggy L/UTIB/swiggyupi@axb/Pa","","19","1"
"23/09/2025","363.00","","4810.66 Cr.","","","UPI/DR/119514271465/Mr SELVA/MAHB/s.selvarajhero1/","","19","1"
"23/09/2025","743.00","","4067.66 Cr.","","","UPI/DR/183993602243/SAMRIDHA/YESB/paytmqr5c67cn@p/","","19","1"
"23/09/2025","1027.00","","3040.66 Cr.","","","UPI/DR/339836908134/Sree Gup/YESB/paytmqr67ffqy@p/","","19","1"
"23/09/2025","2000.00","","1040.66 Cr.","","","UPI/DR/726081110532/Bank Acc/SIBL/038805300001481/","","19","1"
"23/09/2025","755.00","","285.66 Cr.","","","UPI/DR/763838654758/Swiggy L/UTIB/swiggyupi@axb/Pa","","19","1"
"23/09/2025","","25000.00","25285.66 Cr.","","","From:XXXX6668:S A DHANDAPANI","","19","1"
"23/09/2025","10000.00","","15285.66 Cr.","","","UPI/DR/300587600070/VIJAYAKU/FDRL/aprvijay4545-1@/","","19","1"
"23/09/2025","10000.00","","5285.66 Cr.","","","UPI/DR/410246286551/Bank Acc/SIBL/038805300001481/","","19","1"
"24/09/2025","3000.00","","2285.66 Cr.","","","UPI/DR/989575250102/VISAKA I/PUNB/saravanand771@y/","","19","1"
"24/09/2025","290.00","","1995.66 Cr.","","","UPI/DR/863584242675/Google/UTIB/playstore@axisb/Ma","","19","1"
"24/09/2025","","2500.00","4495.66 Cr.","","","UPI/CR/833718612414/VISAKA I/PUNB/saravanand771@y/","","19","1"
"24/09/2025","1290.07","","3205.59 Cr.","","","UPI/DR/716856118981/HARDCAST/YESB/MCDONALDSINDIA@/","","19","1"
"24/09/2025","147.51","","3058.08 Cr.","","","UPI/DR/868654434827/HARDCAST/YESB/MCDONALDSINDIA@/","","19","1"
"24/09/2025","678.40","","2379.68 Cr.","","","UPI/DR/167170869094/HARDCAST/YESB/MCDONALDSINDIA@/","","19","1"
"25/09/2025","","18900.00","21279.68 Cr.","","","From:XXXX6668:S A DHANDAPANI","","20","1"
"25/09/2025","18900.00","","2379.68 Cr.","","","UPI/DR/679384019318/Bank Acc/IDIB/859410589@IDIB0/","","20","1"
"25/09/2025","963.00","","1416.68 Cr.","","","UPI/DR/163679229788/PhonePe/YESB/BBPSBP@ybl/Paymen","","20","1"
"25/09/2025","690.00","","726.68 Cr.","","","UPI/DR/185430702685/Google P/UTIB/playstore@axisb/","","20","1"
"25/09/2025","50.00","","676.68 Cr.","","","UPI/DR/856676647199/AAKASH I/YESB/paytm-8735577@p/","","20","1"
"26/09/2025","","214.00","890.68 Cr.","","","UPI/CR/203512882695/Swiggy L/UTIB/swiggy.refunds@/","","20","1"
"26/09/2025","500.00","","390.68 Cr.","","","UPI/DR/397865327680/Bank Acc/SIBL/038805300001481/","","20","1"
"27/09/2025","200.00","","190.68 Cr.","","","UPI/DR/936419039294/Mr S TAM/IDIB/arsantamiltamil/","","20","1"
"27/09/2025","","5000.00","5190.68 Cr.","","","From:XXXX6668:S A DHANDAPANI","","20","1"
"27/09/2025","222.78","","4967.90 Cr.","","","MAB CHRG ACCOUNT-7533 2025-08-01 TO 2025-08-31","","20","1"
"27/09/2025","1750.00","","3217.90 Cr.","","","UPI/DR/095495327361/PL SM Sa/YESB/paytm.s16slif@p/","","20","1"
"27/09/2025","2500.00","","717.90 Cr.","","","UPI/DR/764090859357/Bank Acc/SIBL/038805300001481/","","20","1"
"27/09/2025","","350.00","1067.90 Cr.","","","UPI/CR/551278056951/VISAKA I/PUNB/saravanand771@i/","","20","1"
"27/09/2025","813.00","","254.90 Cr.","","","UPI/DR/756458790369/ZOMATO L/YESB/zomato-order@pt/","","20","1"
"27/09/2025","","4000.00","4254.90 Cr.","","","From:XXXX6668:S A DHANDAPANI","","20","1"
"27/09/2025","1690.00","","2564.90 Cr.","","","UPI/DR/476559011490/GUNASEKA/YESB/paytmqrld9pf4t0/","","20","1"
"28/09/2025","1500.00","","1064.90 Cr.","","","UPI/DR/412777413493/VISAKA I/PUNB/saravanand771@y/","","20","1"
"28/09/2025","482.00","","582.90 Cr.","","","UPI/DR/796265021258/Blinkit/YESB/paytm-blinkit@p/B","","20","1"
"28/09/2025","","500.00","1082.90 Cr.","","","UPI/CR/789175497958/VISAKA I/PUNB/saravanand771@y/","","20","1"
"28/09/2025","1000.00","","82.90 Cr.","","","UPI/DR/629652905223/MUTHAMIL/UBIN/selvanharini18@/","","20","1"
"28/09/2025","50.00","","32.90 Cr.","","","UPI/DR/890525824078/AAKASH I/YESB/paytm-8735577@p/","","20","1"
"29/09/2025","","7000.00","7032.90 Cr.","","","From:XXXX6668:S A DHANDAPANI","","20","1"
"29/09/2025","","3000.00","10032.90 Cr.","","","UPI/CR/998019333188/VISAKA I/PUNB/saravanand771@y/","","20","1"
"29/09/2025","10000.00","","32.90 Cr.","","","UPI/DR/748782121182/VIJAYAKU/FDRL/aprvijay4545-1@/","","20","1"
"29/09/2025","","51600.00","51632.90 Cr.","","","From:XXXX6668:S A DHANDAPANI","","20","1"
"29/09/2025","10000.00","","41632.90 Cr.","","","UPI/DR/316502661623/JAYAPRAK/KVBL/jayaprakash2044/","","20","1"
"29/09/2025","14000.00","","27632.90 Cr.","","","UPI/DR/768993379945/Bank Acc/PUNB/045700210003666/","","20","1"
"29/09/2025","2000.00","","25632.90 Cr.","","","UPI/DR/086547075628/Bank Acc/PUNB/045700210003666/","","20","1"
"29/09/2025","19013.00","","6619.90 Cr.","","","UPI/DR/441691433535/SUNDARAM/HDFC/sundaramhospita/","","20","1"
"29/09/2025","311.86","","6308.04 Cr.","","","UPI/DR/361007084393/ZOMATO/HDFC/payzomato@hdfcb/Pa","","20","1"
"29/09/2025","1500.00","","4808.04 Cr.","","","UPI/DR/815579396162/Bank Acc/SIBL/038805300001481/","","20","1"
"30/09/2025","100.00","","4708.04 Cr.","","","UPI/DR/245283321780/Bank Acc/CBIN/1453824899@CBIN/","","20","1"
"30/09/2025","","11718.00","16426.04 Cr.","","","IMPS-IN/527312562910/0000000000/MUTHOOT","","20","1"
"30/09/2025","10560.00","","5866.04 Cr.","","","UPI/DR/279973739611/VISAKA I/PUNB/saravanand771@y/","","20","1"
"30/09/2025","","21000.00","26866.04 Cr.","","","From:XXXX6668:S A DHANDAPANI","","20","1"
"30/09/2025","18160.00","","8706.04 Cr.","","","UPI/DR/496235299708/JAYAPRAK/KVBL/jayaprakash2044/","","20","1"
"30/09/2025","1500.00","","7206.04 Cr.","","","UPI/DR/960066925232/Bank Acc/SIBL/038805300001481/","","20","1"
"30/09/2025","","10000.00","17206.04 Cr.","","","From:XXXX9601:VISAKA INDANE NDNE RETAILER","","20","1"
"30/09/2025","3000.00","","14206.04 Cr.","","","UPI/DR/239581456712/Bank Acc/SIBL/038805300001481/","","20","1"
"30/09/2025","3362.00","","10844.04 Cr.","","","UPI/DR/594503567269/PhonePe/YESB/BBPSBP@ybl/Paymen","","20","1"
"01/10/2025","200.00","","10644.04 Cr.","","","UPI/DR/715705836379/Mr S TAM/IDIB/arsantamiltamil/","","20","1"
"01/10/2025","720.00","","9924.04 Cr.","","","UPI/DR/267401849673/Bank Acc/UTIB/916020078122895/","","20","1"
"01/10/2025","290.00","","9634.04 Cr.","","","UPI/DR/126333572745/Google/UTIB/playstore@axisb/Ma","","20","1"
"01/10/2025","400.00","","9234.04 Cr.","","","UPI/DR/890282847696/CLASSIC/YESB/paytmqr5e166y@p/P","","20","1"
"01/10/2025","8645.00","","589.04 Cr.","","","UPI/DR/371932216185/Pathanja/UTIB/9626082537@okbi/","","20","1"
"01/10/2025","","1000.00","1589.04 Cr.","","","UPI/CR/688563911599/VISAKA I/PUNB/saravanand771@y/","","20","1"
"01/10/2025","245.00","","1344.04 Cr.","","","UPI/DR/658890909912/Blinkit/AIRP/blinkitjkb.rzp@/P","","20","1"
"01/10/2025","944.00","","400.04 Cr.","","","UPI/DR/992439767908/ZOMATO L/YESB/zomato-order@pt/","","20","1"
"02/10/2025","96.00","","304.04 Cr.","","","UPI/DR/963661305615/Dhamodha/YESB/paytm.s1ipajw@p/","","20","1"
"02/10/2025","","4500.00","4804.04 Cr.","","","From:XXXX6668:S A DHANDAPANI","","20","1"
"02/10/2025","370.00","","4434.04 Cr.","","","UPI/DR/221952471628/HAKKIM S/YESB/Q565895879@ybl/P","","20","1"
"02/10/2025","3000.00","","1434.04 Cr.","","","UPI/DR/917537853056/Mr S TAM/IDIB/arsantamiltamil/","","21","1"
"03/10/2025","1400.00","","34.04 Cr.","","","UPI/DR/810018050235/VISAKA I/PUNB/saravanand771@y/","","21","1"
"03/10/2025","","5700.00","5734.04 Cr.","","","UPI/CR/828417794656/VISAKA I/PUNB/saravanand771@y/","","21","1"
"03/10/2025","3200.00","","2534.04 Cr.","","","UPI/DR/301087423562/Bank Acc/IDIB/405666404@IDIB0/","","21","1"
"04/10/2025","482.00","","2052.04 Cr.","","","UPI/DR/451432094372/SRINIVAS/SBIN/srinivasannewst/","","21","1"
"04/10/2025","2000.00","","52.04 Cr.","","","UPI/DR/938720698541/RAMKUMAR/UTIB/pec2425-1@okaxi/","","21","1"
"05/10/2025","","9000.00","9052.04 Cr.","","","From:XXXX6668:S A DHANDAPANI","","21","1"
"05/10/2025","1000.00","","8052.04 Cr.","","","UPI/DR/842477708445/PhonePe/YESB/BBPSBP@ybl/Paymen","","21","1"
"05/10/2025","6500.00","","1552.04 Cr.","","","D16724422CR TO440300NG00001252 : TO:SAR:D16724422CR TO440300NG00001252","","21","1"
"05/10/2025","1520.00","","32.04 Cr.","","","UPI/DR/232919903077/SIDDIQUE/UTIB/9944966663@ibl/P","","21","1"
"06/10/2025","","27500.00","27532.04 Cr.","","","From:XXXX6668:S A DHANDAPANI","","21","1"
"06/10/2025","24000.00","","3532.04 Cr.","","","UPI/DR/042582127374/ALANGARA/SBIN/alangaraj90@oks/","","21","1"
"06/10/2025","","2000.00","5532.04 Cr.","","","UPI/CR/527955254388/ALANGARA/SBIN/alangaraj90@oka/","","21","1"
"06/10/2025","500.00","","5032.04 Cr.","","","UPI/DR/179189314053/Mr BOOPA/CIUB/boopathyindra19/","","21","1"
"06/10/2025","2500.00","","2532.04 Cr.","","","UPI/DR/226058391509/SIVAKUMA/BARB/9952395887-2@yb/","","21","1"
"06/10/2025","","10000.00","12532.04 Cr.","","","From:XXXX9601:VISAKA INDANE NDNE RETAILER","","21","1"
"06/10/2025","10000.00","","2532.04 Cr.","","","UPI/DR/526559890068/RAJANGAM/FDRL/rking90765@okax/","","21","1"
"06/10/2025","95.00","","2437.04 Cr.","","","UPI/DR/032607430590/SOMASUND/YESB/Q179071606@ybl/P","","21","1"
"06/10/2025","530.72","","1906.32 Cr.","","","UPI/DR/785380197037/Smart Ti/JIOP/2306665910473-0/","","21","1"
"07/10/2025","863.00","","1043.32 Cr.","","","UPI/DR/196600808110/RAJARAMA/HDFC/starhealthraja-/","","21","1"
"07/10/2025","","863.00","1906.32 Cr.","","","UPI-REV/196600808110/P2V/starhealthraja-2@okicici/","","21","1"
"07/10/2025","863.00","","1043.32 Cr.","","","UPI/DR/045532158467/RAJARAMA/HDFC/starhealthraja-/","","21","1"
"07/10/2025","","863.00","1906.32 Cr.","","","UPI-REV/045532158467/P2V/starhealthraja-2@okicici/","","21","1"
"07/10/2025","863.00","","1043.32 Cr.","","","UPI/DR/613066384944/RAJARAMA/HDFC/starhealthraja-/","","21","1"
"07/10/2025","","863.00","1906.32 Cr.","","","UPI-REV/613066384944/P2V/starhealthraja-2@okicici/","","21","1"
"07/10/2025","863.00","","1043.32 Cr.","","","UPI/DR/463487612804/S DHINES/IBKL/dineshkabil01@o/","","21","1"
"07/10/2025","","21000.00","22043.32 Cr.","","","From:XXXX6668:S A DHANDAPANI","","21","1"
"07/10/2025","18720.00","","3323.32 Cr.","","","UPI/DR/797350911693/Bank Acc/IDIB/6396506421@IDIB/","","21","1"
"07/10/2025","1900.00","","1423.32 Cr.","","","UPI/DR/558837472471/Bank Acc/SIBL/038805300001481/","","21","1"
"08/10/2025","200.00","","1223.32 Cr.","","","UPI/DR/731668345499/Mr S TAM/IDIB/arsantamiltamil/","","21","1"
"08/10/2025","","3500.00","4723.32 Cr.","","","UPI/CR/963122278793/VISAKA I/PUNB/saravanand771@y/","","21","1"
"08/10/2025","3200.00","","1523.32 Cr.","","","UPI/DR/202986460334/Bank Acc/SIBL/038805300001481/","","21","1"
"08/10/2025","1500.00","","23.32 Cr.","","","UPI/DR/538322874641/BASKARAN/CNRB/baskar500600@ok/","","21","1"
"09/10/2025","","5000.00","5023.32 Cr.","","","From:XXXX9601:VISAKA INDANE NDNE RETAILER","","21","1"
"09/10/2025","5000.00","","23.32 Cr.","","","UPI/DR/762647434493/Bank Acc/IDIB/405666404@IDIB0/","","21","1"
"10/10/2025","23.32","","0.00 Cr.","","","SMS CHRG FOR:01-07-2025to30-09-2025","","21","1"
"10/10/2025","","3000.00","3000.00 Cr.","","","From:XXXX6668:S A DHANDAPANI","","21","1"
"10/10/2025","6.18","","2993.82 Cr.","","","SHORTFAL REC- SMS CHRG FOR:01-07-2025to30-09-2025","","21","1"
"11/10/2025","290.00","","2703.82 Cr.","","","UPI/DR/761508272845/Google/UTIB/playstore@axisb/Ma","","21","1"
"11/10/2025","1000.00","","1703.82 Cr.","","","UPI/DR/210402361744/Bank Acc/SIBL/038805300001481/","","21","1"
"11/10/2025","1197.00","","506.82 Cr.","","","UPI/DR/987709589042/SWIGGY/YESB/SWIGGY8@ybl/Paymen","","21","1"
"12/10/2025","200.00","","306.82 Cr.","","","UPI/DR/355425909301/Mr S TAM/IDIB/arsantamiltamil/","","21","1"
"12/10/2025","200.00","","106.82 Cr.","","","UPI/DR/588037009092/Mr S TAM/IDIB/arsantamiltamil/","","21","1"
"12/10/2025","","38500.00","38606.82 Cr.","","","From:XXXX9601:VISAKA INDANE NDNE RETAILER","","21","1"
"12/10/2025","38000.00","","606.82 Cr.","","","UPI/DR/481009520502/Bank Acc/IDIB/461015456@IDIB0/","","21","1"
"13/10/2025","90.00","","516.82 Cr.","","","UPI/DR/692802104323/Sri Nall/UTIB/gpay-1117631793/","","21","1"
"14/10/2025","500.00","","16.82 Cr.","","","UPI/DR/274166863229/Mr S TAM/IDIB/arsantamiltamil/","","21","1"
"14/10/2025","","12000.00","12016.82 Cr.","","","From:XXXX6668:S A DHANDAPANI","","21","1"
"14/10/2025","10000.00","","2016.82 Cr.","","","UPI/DR/594629899098/JAYAPRAK/KVBL/jayaprakash2044/","","21","1"
"14/10/2025","","30000.00","32016.82 Cr.","","","From:XXXX6668:S A DHANDAPANI","","21","1"
"14/10/2025","18720.00","","13296.82 Cr.","","","UPI/DR/030162054410/Bank Acc/ICIC/614305008244@IC/","","21","1"
"14/10/2025","9060.00","","4236.82 Cr.","","","UPI/DR/966328736112/Bank Acc/UTIB/924010064028118/","","22","1"
"14/10/2025","526.00","","3710.82 Cr.","","","UPI/DR/413051508920/Swiggy L/UTIB/swiggyupi@axb/Pa","","22","1"
"14/10/2025","132.00","","3578.82 Cr.","","","UPI/DR/780906856874/Sangeeth/YESB/paytm.s1ivvh1@p/","","22","1"
"14/10/2025","1263.00","","2315.82 Cr.","","","UPI/DR/855763637716/SWIGGY/YESB/SWIGGY8@ybl/Paymen","","22","1"
"15/10/2025","1000.00","","1315.82 Cr.","","","UPI/DR/573338759113/Mr S TAM/IDIB/arsantamiltamil/","","22","1"
"15/10/2025","500.00","","815.82 Cr.","","","UPI/DR/057846090715/PhonePe/YESB/BBPSBP@ybl/Paymen","","22","1"
"15/10/2025","800.00","","15.82 Cr.","","","UPI/DR/250099612934/VISAKA I/PUNB/saravanand771@y/","","22","1"
"16/10/2025","","40000.00","40015.82 Cr.","","","From:XXXX9601:VISAKA INDANE NDNE RETAILER","","22","1"
"16/10/2025","16900.00","","23115.82 Cr.","","","UPI/DR/464252749209/Bank Acc/CIUB/197001001321330/","","22","1"
"16/10/2025","17500.00","","5615.82 Cr.","","","UPI/DR/332828187687/Bank Acc/IOBA/063401000021026/","","22","1"
"16/10/2025","1500.00","","4115.82 Cr.","","","UPI/DR/102624593207/Mr JAYA/IDIB/www.jsuri3344@o/P","","22","1"
"16/10/2025","170.00","","3945.82 Cr.","","","UPI/DR/607539185072/Sri Nall/UTIB/gpay-1117631793/","","22","1"
"16/10/2025","","20000.00","23945.82 Cr.","","","UPI/CR/259744559050/VISAKA I/PUNB/saravanand771@y/","","22","1"
"16/10/2025","10000.00","","13945.82 Cr.","","","UPI/DR/847593564918/RAVICHAN/UTIB/rrravichandran2/","","22","1"
"16/10/2025","10000.00","","3945.82 Cr.","","","UPI/DR/542453146555/RAJKUMAR/CNRB/rajkumarrm171@y/","","22","1"
"16/10/2025","3300.00","","645.82 Cr.","","","UPI/DR/761578608956/SANTHOSH/KVBL/santhoshsivan82/","","22","1"
"17/10/2025","200.00","","445.82 Cr.","","","UPI/DR/641590827991/Mr S TAM/IDIB/arsantamiltamil/","","22","1"
"17/10/2025","","28200.00","28645.82 Cr.","","","From:XXXX6668:S A DHANDAPANI","","22","1"
"17/10/2025","18200.00","","10445.82 Cr.","","","UPI/DR/515842890098/Bank Acc/UTIB/916020078122895/","","22","1"
"17/10/2025","10000.00","","445.82 Cr.","","","UPI/DR/664186845863/JAYAPRAK/KVBL/jayaprakash2044/","","22","1"
"17/10/2025","","20000.00","20445.82 Cr.","","","From:XXXX6668:S A DHANDAPANI","","22","1"
"17/10/2025","20000.00","","445.82 Cr.","","","UPI/DR/822819733101/SHANTHI/IOBA/9842477181-2@yb/P","","22","1"
"18/10/2025","200.00","","245.82 Cr.","","","UPI/DR/899509562769/Mr S TAM/IDIB/arsantamiltamil/","","22","1"
"18/10/2025","","18000.00","18245.82 Cr.","","","From:XXXX6668:S A DHANDAPANI","","22","1"
"18/10/2025","5000.00","","13245.82 Cr.","","","UPI/DR/033160709693/PUNITHAV/TMBL/punithashaji9@o/","","22","1"
"18/10/2025","3000.00","","10245.82 Cr.","","","UPI/DR/817150109588/Mr S TAM/IDIB/arsantamiltamil/","","22","1"
"18/10/2025","290.00","","9955.82 Cr.","","","UPI/DR/979817072915/Google/UTIB/playstore@axisb/Ma","","22","1"
"18/10/2025","947.00","","9008.82 Cr.","","","UPI/DR/717718304562/Zomato O/UTIB/zomatoonlineord/","","22","1"
"18/10/2025","777.00","","8231.82 Cr.","","","UPI/DR/882635025611/Swiggy/ICIC/swiggystores@ic/Pa","","22","1"
"19/10/2025","","30000.00","38231.82 Cr.","","","From:XXXX6668:S A DHANDAPANI","","22","1"
"19/10/2025","10000.00","","28231.82 Cr.","","","UPI/DR/519549294381/Bank Acc/SIBL/038805300001481/","","22","1"
"19/10/2025","19440.00","","8791.82 Cr.","","","UPI/DR/690559716463/Bank Acc/IDIB/6852293265@IDIB/","","22","1"
"19/10/2025","720.00","","8071.82 Cr.","","","UPI/DR/221366953815/ASWINI M/YESB/paytmqr6ebamk@p/","","22","1"
"19/10/2025","4772.00","","3299.82 Cr.","","","UPI/DR/845216751594/Pathanja/UTIB/9626082537@okbi/","","22","1"
"19/10/2025","864.00","","2435.82 Cr.","","","UPI/DR/536169412072/A PABITH/YESB/Q346671924@ybl/P","","22","1"
"19/10/2025","399.00","","2036.82 Cr.","","","UPI/DR/222843862925/Google P/UTIB/playstore@axisb/","","22","1"
"20/10/2025","","2000.00","4036.82 Cr.","","","UPI/CR/531678184555/VISAKA I/PUNB/saravanand771@y/","","22","1"
"20/10/2025","3000.00","","1036.82 Cr.","","","UPI/DR/656750733044/MOHAMED/KVBL/mohamedsatharud/P","","22","1"
"20/10/2025","100.00","","936.82 Cr.","","","UPI/DR/414248390505/MOHAMED/KVBL/mohamedsatharud/P","","22","1"
"20/10/2025","548.00","","388.82 Cr.","","","UPI/DR/024318675517/Zomato O/UTIB/zomatoonlineord/","","22","1"
"21/10/2025","294.00","","94.82 Cr.","","","UPI/DR/078653046347/amazon p/YESB/amazonpaygrocer/","","22","1"
"21/10/2025","","2000.00","2094.82 Cr.","","","UPI/CR/398173402307/VISAKA I/PUNB/saravanand771@y/","","22","1"
"21/10/2025","1200.00","","894.82 Cr.","","","UPI/DR/731389552856/Mr NAREN/MAHB/narenkraj1@ybl/P","","22","1"
"21/10/2025","","1600.00","2494.82 Cr.","","","UPI/CR/270570427295/VISAKA I/PUNB/saravanand771@y/","","22","1"
"21/10/2025","413.00","","2081.82 Cr.","","","UPI/DR/817585490921/ETERNAL/AIRP/zomatoonlineord/Z","","22","1"
"22/10/2025","700.00","","1381.82 Cr.","","","UPI/DR/625572670194/Mr S TAM/IDIB/arsantamiltamil/","","22","1"
"23/10/2025","603.41","","778.41 Cr.","","","UPI/DR/748183870445/Amazon P/RATN/amazon-pod@rapl/","","22","1"
"23/10/2025","550.00","","228.41 Cr.","","","UPI/DR/549043233533/Mr BOOPA/CIUB/boopathyindra19/","","22","1"
"23/10/2025","","750.00","978.41 Cr.","","","UPI/CR/392653649524/VISAKA I/PUNB/saravanand771@y/","","22","1"
"23/10/2025","750.00","","228.41 Cr.","","","UPI/DR/087666625652/SARAVANA/ICIC/9344686601@ybl/P","","22","1"
"24/10/2025","","21000.00","21228.41 Cr.","","","From:XXXX6668:S A DHANDAPANI","","23","1"
"24/10/2025","10000.00","","11228.41 Cr.","","","UPI/DR/462098642994/Mr Manik/IDIB/7639355545@ybl/P","","23","1"
"24/10/2025","1500.00","","9728.41 Cr.","","","UPI/DR/498410842120/ARK FUEL/YESB/paytm-46042661@/","","23","1"
"24/10/2025","200.00","","9528.41 Cr.","","","UPI/DR/316069690710/Mr S TAM/IDIB/arsantamiltamil/","","23","1"
"24/10/2025","105.00","","9423.41 Cr.","","","UPI/DR/590214742950/BALAMURA/YESB/Q676068695@ybl/P","","23","1"
"24/10/2025","800.00","","8623.41 Cr.","","","UPI/DR/047748207617/NANTHAKU/TMBL/Q851497070@ybl/P","","23","1"
"24/10/2025","150.00","","8473.41 Cr.","","","UPI/DR/940595053549/FATHIMAB/TMBL/sirajudeenyusuf/","","23","1"
"24/10/2025","","14500.00","22973.41 Cr.","","","From:XXXX6668:S A DHANDAPANI","","23","1"
"24/10/2025","14000.00","","8973.41 Cr.","","","UPI/DR/856235605230/NALLUSAM/SBIN/9655667809@ybl/P","","23","1"
"25/10/2025","1500.00","","7473.41 Cr.","","","UPI/DR/627008743454/Mr Murug/IDIB/mruganmani05-1@/","","23","1"
"25/10/2025","1850.00","","5623.41 Cr.","","","UPI/DR/719223648003/PL SM Sa/YESB/paytm.s16slif@p/","","23","1"
"25/10/2025","526.00","","5097.41 Cr.","","","UPI/DR/935961713286/Swiggy L/UTIB/swiggyupi@axb/Pa","","23","1"
"25/10/2025","1000.00","","4097.41 Cr.","","","UPI/DR/111621787907/REGIONAL/IDIB/rglsi@indianbk/P","","23","1"
"25/10/2025","526.00","","3571.41 Cr.","","","UPI/DR/143733416923/Swiggy L/UTIB/swiggyupi@axb/Pa","","23","1"
"25/10/2025","500.00","","3071.41 Cr.","","","UPI/DR/346716354393/SIVAKUMA/BARB/9952395887-2@yb/","","23","1"
"25/10/2025","290.00","","2781.41 Cr.","","","UPI/DR/130205202985/Google/UTIB/playstore@axisb/Ma","","23","1"
"25/10/2025","1650.00","","1131.41 Cr.","","","UPI/DR/282511000308/PL SM Sa/YESB/paytm.s16slif@p/","","23","1"
"25/10/2025","","24000.00","25131.41 Cr.","","","From:XXXX6668:S A DHANDAPANI","","23","1"
"25/10/2025","7500.00","","17631.41 Cr.","","","UPI/DR/335656094735/NABISAHE/CNRB/8884348132@ybl/P","","23","1"
"25/10/2025","170.00","","17461.41 Cr.","","","UPI/DR/976957296551/VALLIYAM/YESB/Q931126176@ybl/P","","23","1"
"25/10/2025","","25000.00","42461.41 Cr.","","","From:XXXX9601:VISAKA INDANE NDNE RETAILER","","23","1"
"25/10/2025","40000.00","","2461.41 Cr.","","","UPI/DR/984872271669/Bank Acc/CNRB/4070201000274@C/","","23","1"
"26/10/2025","2000.00","","461.41 Cr.","","","UPI/DR/940135215796/ARK FUEL/YESB/paytm-46042661@/","","23","1"
"26/10/2025","185.00","","276.41 Cr.","","","UPI/DR/885516522557/CHINNASA/YESB/Q120505315@ybl/P","","23","1"
"28/10/2025","","13207.00","13483.41 Cr.","","","IMPS-IN/530117358996/0000000000/MUTHOOT","","23","1"
"28/10/2025","13200.00","","283.41 Cr.","","","UPI/DR/850411305972/VISAKA I/PUNB/saravanand771@y/","","23","1"
"28/10/2025","","30000.00","30283.41 Cr.","","","From:XXXX9601:VISAKA INDANE NDNE RETAILER","","23","1"
"28/10/2025","7900.00","","22383.41 Cr.","","","UPI/DR/652622285178/NABISAHE/CNRB/8884348132@ybl/P","","23","1"
"28/10/2025","8720.00","","13663.41 Cr.","","","UPI/DR/117203014452/JAYAPRAK/KVBL/jayaprakash2044/","","23","1"
"28/10/2025","10000.00","","3663.41 Cr.","","","UPI/DR/506838702990/RAVICHAN/UTIB/rrravichandran2/","","23","1"
"28/10/2025","510.00","","3153.41 Cr.","","","UPI/DR/315235906939/HAKKIM S/YESB/Q565895879@ybl/P","","23","1"
"29/10/2025","","30000.00","33153.41 Cr.","","","From:XXXX6668:S A DHANDAPANI","","23","1"
"29/10/2025","9440.00","","23713.41 Cr.","","","UPI/DR/322562929690/JAYAPRAK/KVBL/jayaprakash2044/","","23","1"
"29/10/2025","21600.00","","2113.41 Cr.","","","UPI/DR/540931171634/Bank Acc/FDRL/11920200013577@/","","23","1"
"29/10/2025","2000.00","","113.41 Cr.","","","UPI/DR/512941682938/REGIONAL/IDIB/rglsi@indianbk/P","","23","1"
"29/10/2025","","20000.00","20113.41 Cr.","","","From:XXXX6668:S A DHANDAPANI","","23","1"
"29/10/2025","10000.00","","10113.41 Cr.","","","UPI/DR/413479462314/VIJAYAKU/FDRL/aprvijay4545-1@/","","23","1"
"29/10/2025","7000.00","","3113.41 Cr.","","","UPI/DR/122473009259/VISAKA I/PUNB/saravanand771@y/","","23","1"
"29/10/2025","","35000.00","38113.41 Cr.","","","From:XXXX6668:S A DHANDAPANI","","23","1"
"29/10/2025","10000.00","","28113.41 Cr.","","","UPI/DR/473836718473/RAJKUMAR/CNRB/rajkumarrm171@y/","","23","1"
"29/10/2025","22763.00","","5350.41 Cr.","","","UPI/DR/886416847935/SUNDARAM/HDFC/sundaramhospita/","","23","1"
"30/10/2025","","10000.00","15350.41 Cr.","","","From:XXXX6668:S A DHANDAPANI","","23","1"
"30/10/2025","8760.00","","6590.41 Cr.","","","UPI/DR/177861368928/Bank Acc/IDIB/6852293265@IDIB/","","23","1"
"30/10/2025","200.00","","6390.41 Cr.","","","UPI/DR/789376881087/Mr S TAM/IDIB/arsantamiltamil/","","23","1"
"30/10/2025","2000.00","","4390.41 Cr.","","","UPI/DR/436927485998/Asg lour/YESB/paytm-9037118@p/","","23","1"
"30/10/2025","","50000.00","54390.41 Cr.","","","From:XXXX6668:S A DHANDAPANI","","23","1"
"30/10/2025","49700.00","","4690.41 Cr.","","","UPI/DR/317568337701/Bank Acc/CNRB/4070201000274@C/","","23","1"
"30/10/2025","3000.00","","1690.41 Cr.","","","UPI/DR/366455415602/SARAVANA/CNRB/saravanan230620/","","23","1"
"30/10/2025","110.00","","1580.41 Cr.","","","UPI/DR/319110449995/VALLIYAM/YESB/Q931126176@ybl/","","23","1"
"31/10/2025","","20000.00","21580.41 Cr.","","","From:XXXX6668:S A DHANDAPANI","","24","1"
"31/10/2025","10000.00","","11580.41 Cr.","","","UPI/DR/189214041765/JAYAPRAK/KVBL/jayaprakash2044/","","24","1"
"31/10/2025","10000.00","","1580.41 Cr.","","","UPI/DR/230846753939/VIJAYAKU/FDRL/aprvijay4545-1@/","","24","1"
"01/11/2025","200.00","","1380.41 Cr.","","","UPI/DR/518868793601/Mr S TAM/IDIB/arsantamiltamil/","","24","1"
"01/11/2025","","5000.00","6380.41 Cr.","","","From:XXXX6668:S A DHANDAPANI","","24","1"
"01/11/2025","1244.00","","5136.41 Cr.","","","UPI/DR/602420169077/ASWINI M/YESB/paytmqr6ebamk@p/","","24","1"
"01/11/2025","100.00","","5036.41 Cr.","","","UPI/DR/838537498577/Mr MANIK/CBIN/mani978820@okhd/","","24","1"
"01/11/2025","109.00","","4927.41 Cr.","","","UPI/DR/682126612469/WWW OLX/HDFC/olxnew.payu@hdf/U","","24","1"
"01/11/2025","599.00","","4328.41 Cr.","","","UPI/DR/308533761631/WWW OLX/HDFC/olxnew.payu@hdf/U","","24","1"
"01/11/2025","290.00","","4038.41 Cr.","","","UPI/DR/307853723055/Google/UTIB/playstore@axisb/Ma","","24","1"
"01/11/2025","523.38","","3515.03 Cr.","","","UPI/DR/879343279739/Smart Ti/JIOP/2306665891362-0/","","24","1"
"01/11/2025","1850.00","","1665.03 Cr.","","","UPI/DR/147117957544/PL SM Sa/YESB/paytm.s16slif@p/","","24","1"
"01/11/2025","967.00","","698.03 Cr.","","","UPI/DR/179375413195/Swiggy L/UTIB/swiggyupi@axb/Pa","","24","1"
"02/11/2025","650.00","","48.03 Cr.","","","UPI/DR/082101570783/Mr YOGES/IDIB/AMZN0004061271@/","","24","1"
"02/11/2025","","20000.00","20048.03 Cr.","","","From:XXXX9601:VISAKA INDANE NDNE RETAILER","","24","1"
"02/11/2025","10000.00","","10048.03 Cr.","","","UPI/DR/094074624704/RAVICHAN/UTIB/rrravichandran2/","","24","1"
"02/11/2025","2360.00","","7688.03 Cr.","","","UPI/DR/398910577089/MARUTHAP/HDFC/Vyapar.17272944/","","24","1"
"03/11/2025","97.00","","7591.03 Cr.","","","UPI/DR/942696896872/S DEVAK/YESB/Q904161145@ybl/P","","24","1"
"03/11/2025","299.00","","7292.03 Cr.","","","UPI/DR/530740048486/JioHotst/YESB/HOTSTARONLINE@y/","","24","1"
"03/11/2025","200.00","","7092.03 Cr.","","","UPI/DR/163011389130/Mr S TAM/IDIB/arsantamiltamil/","","24","1"
"03/11/2025","380.00","","6712.03 Cr.","","","UPI/DR/208056234245/SUBHA M/KVBL/subhajoshkathns/P","","24","1"
"03/11/2025","1000.00","","5712.03 Cr.","","","UPI/DR/110602342442/Bank Acc/SIBL/038805300001481/","","24","1"
"03/11/2025","1500.00","","4212.03 Cr.","","","UPI/DR/996478395921/ARK FUEL/YESB/paytm-46042661@/","","24","1"
"03/11/2025","1550.00","","2662.03 Cr.","","","UPI/DR/499560470865/BASKARAN/CNRB/baskar500600@ok/","","24","1"
"03/11/2025","","50000.00","52662.03 Cr.","","","From:XXXX9601:VISAKA INDANE NDNE RETAILER","","24","1"
"03/11/2025","25200.00","","27462.03 Cr.","","","UPI/DR/592028367050/Bank Acc/HDFC/50200016948082@/","","24","1"
"03/11/2025","10000.00","","17462.03 Cr.","","","UPI/DR/288896374146/BALASUBR/SBIN/balasubramani49/","","24","1"
"03/11/2025","824.00","","16638.03 Cr.","","","UPI/DR/097206827615/ZOMATO L/YESB/zomato-order@pt/","","24","1"
"04/11/2025","","6000.00","22638.03 Cr.","","","From:XXXX6668:S A DHANDAPANI","","24","1"
"04/11/2025","1000.00","","21638.03 Cr.","","","UPI/DR/870735127770/Bank Acc/SIBL/038805300001481/","","24","1"
"04/11/2025","18900.00","","2738.03 Cr.","","","UPI/DR/530587613121/Bank Acc/KVBL/176415500000891/","","24","1"
"04/11/2025","1500.00","","1238.03 Cr.","","","UPI/DR/338173339779/ARK FUEL/YESB/paytm-46042661@/","","24","1"
"04/11/2025","90.00","","1148.03 Cr.","","","UPI/DR/601323106686/SRI THAI/UTIB/gpay-1126190599/","","24","1"
"04/11/2025","503.00","","645.03 Cr.","","","UPI/DR/156572720807/SWIGGY/ICIC/upiswiggy@icici/Pa","","24","1"
"04/11/2025","423.92","","221.11 Cr.","","","UPI/DR/901081907666/Smart Ti/JIOP/2306665891362-0/","","24","1"
"04/11/2025","","22000.00","22221.11 Cr.","","","From:XXXX9601:VISAKA INDANE NDNE RETAILER","","24","1"
"04/11/2025","21185.00","","1036.11 Cr.","","","UPI/DR/879833124270/PhonePe/YESB/BBPSBP@ybl/Paymen","","24","1"
"04/11/2025","200.00","","836.11 Cr.","","","UPI/DR/666470308030/SUNDARAM/HDFC/sundaramhospita/","","24","1"
"04/11/2025","158.00","","678.11 Cr.","","","UPI/DR/043751722057/SUNDARAM/HDFC/sundaramhospita/","","24","1"
"04/11/2025","465.00","","213.11 Cr.","","","UPI/DR/201258704054/Kovai Pa/YESB/paytm.s1ixtmi@p/","","24","1"
"04/11/2025","","3500.00","3713.11 Cr.","","","From:XXXX9601:VISAKA INDANE NDNE RETAILER","","24","1"
"04/11/2025","1630.00","","2083.11 Cr.","","","UPI/DR/073469879456/HOTEL RA/HDFC/hotelraja.67007/","","24","1"
"04/11/2025","90.00","","1993.11 Cr.","","","UPI/DR/855047159045/JUNAID V/YESB/Q769732072@ybl/P","","24","1"
"05/11/2025","200.00","","1793.11 Cr.","","","UPI/DR/060975160830/Mr S TAM/IDIB/arsantamiltamil/","","24","1"
"05/11/2025","","12000.00","13793.11 Cr.","","","From:XXXX6668:S A DHANDAPANI","","24","1"
"05/11/2025","9440.00","","4353.11 Cr.","","","UPI/DR/389641316023/VIJAYAKU/FDRL/aprvijay4545-1@/","","24","1"
"05/11/2025","","20000.00","24353.11 Cr.","","","From:XXXX6668:S A DHANDAPANI","","24","1"
"05/11/2025","10000.00","","14353.11 Cr.","","","UPI/DR/139109863820/PANDIYAN/BKID/pandianj.11@oks/","","24","1"
"05/11/2025","10000.00","","4353.11 Cr.","","","UPI/DR/311751198562/RAJKUMAR/CNRB/rajkumarrm171@y/","","24","1"
"05/11/2025","1850.00","","2503.11 Cr.","","","UPI/DR/037815858346/PL SM Sa/YESB/paytm.s16slif@p/","","24","1"
"05/11/2025","100.00","","2403.11 Cr.","","","UPI/DR/475455232942/Sri Nall/UTIB/gpay-1117631793/","","25","1"
"06/11/2025","644.00","","1759.11 Cr.","","","UPI/DR/056922450514/Amazon I/UTIB/amazonupi@apl/Yo","","25","1"
"06/11/2025","200.00","","1559.11 Cr.","","","UPI/DR/909725098664/Mr S TAM/IDIB/arsantamiltamil/","","25","1"
"06/11/2025","651.00","","908.11 Cr.","","","UPI/DR/979470476481/ZOMATO L/YESB/zomato-order@pt/","","25","1"
"06/11/2025","","600.00","1508.11 Cr.","","","UPI/CR/226039613492/VISAKA I/PUNB/saravanand771@y/","","25","1"
"06/11/2025","1350.00","","158.11 Cr.","","","UPI/DR/773767319312/Bank Acc/SIBL/038805300001481/","","25","1"
"09/11/2025","","28500.00","28658.11 Cr.","","","From:XXXX6668:S A DHANDAPANI","","25","1"
"09/11/2025","198.00","","28460.11 Cr.","","","UPI/DR/001314923996/Jio Rech/YESB/JIOINAPPDIRECT@/","","25","1"
"09/11/2025","10000.00","","18460.11 Cr.","","","UPI/DR/145541446660/VIJAYAKU/FDRL/aprvijay4545-1@/","","25","1"
"09/11/2025","10000.00","","8460.11 Cr.","","","UPI/DR/299373532942/SOUNDARR/SBIN/muthusoundar821/","","25","1"
"09/11/2025","60.00","","8400.11 Cr.","","","UPI/DR/538115771310/ASWINI G/UNBA/BHARATPE.9S0Q0Z/","","25","1"
"09/11/2025","1000.00","","7400.11 Cr.","","","UPI/DR/385295835502/SAMINATH/CNRB/samimraja1968@o/","","25","1"
"10/11/2025","1000.00","","6400.11 Cr.","","","UPI/DR/341963460539/Google I/UTIB/playstore-games/","","25","1"
"10/11/2025","310.00","","6090.11 Cr.","","","UPI/DR/176937366721/Google I/UTIB/playstore-games/","","25","1"
"10/11/2025","200.00","","5890.11 Cr.","","","UPI/DR/320989075985/Mr S TAM/IDIB/arsantamiltamil/","","25","1"
"10/11/2025","1200.00","","4690.11 Cr.","","","UPI/DR/352731347822/Mr SENTH/CIUB/meenakshiprinte/","","25","1"
"10/11/2025","","7000.00","11690.11 Cr.","","","UPI/CR/727438181070/VISAKA I/PUNB/saravanand771@y/","","25","1"
"10/11/2025","10000.00","","1690.11 Cr.","","","UPI/DR/802104091891/JAYAPRAK/KVBL/jayaprakash2044/","","25","1"
"10/11/2025","170.00","","1520.11 Cr.","","","UPI/DR/280611478444/Sathya G/YESB/paytm.s1ep1ai@p/","","25","1"
"10/11/2025","60.00","","1460.11 Cr.","","","UPI/DR/296783593127/NEW LIPS/YESB/paytmqr6qx44q@p/","","25","1"
"11/11/2025","","12000.00","13460.11 Cr.","","","UPI/CR/687547318514/VISAKA I/PUNB/saravanand771@y/","","25","1"
"11/11/2025","5000.00","","8460.11 Cr.","","","UPI/DR/065401731894/Bank Acc/IDIB/405666404@IDIB0/","","25","1"
"11/11/2025","","28500.00","36960.11 Cr.","","","From:XXXX6668:S A DHANDAPANI","","25","1"
"11/11/2025","8000.00","","28960.11 Cr.","","","UPI/DR/236969392780/PANDIYAN/BKID/pandianj.11@oks/","","25","1"
"11/11/2025","18750.00","","10210.11 Cr.","","","UPI/DR/602633960858/Bank Acc/TMBL/331150050800141/","","25","1"
"11/11/2025","1650.00","","8560.11 Cr.","","","UPI/DR/073404165588/Mr Murug/IDIB/mruganmani05-1@/","","25","1"
"11/11/2025","190.00","","8370.11 Cr.","","","UPI/DR/520862797600/Sangeeth/YESB/paytm.s1ivvgr@p/","","25","1"
"11/11/2025","804.00","","7566.11 Cr.","","","UPI/DR/152054791221/Jio Rech/YESB/JIOINAPPDIRECT1/","","25","1"
"11/11/2025","685.00","","6881.11 Cr.","","","UPI/DR/558946170818/SWIGGY/ICIC/upiswiggy@icici/Pa","","25","1"
"11/11/2025","290.00","","6591.11 Cr.","","","UPI/DR/349889263155/Google/UTIB/playstore@axisb/Ma","","25","1"
"12/11/2025","200.00","","6391.11 Cr.","","","UPI/DR/954943872270/Mr S TAM/IDIB/arsantamiltamil/","","25","1"
"12/11/2025","","3600.00","9991.11 Cr.","","","UPI/CR/292228585980/VISAKA I/PUNB/saravanand771@y/","","25","1"
"12/11/2025","500.00","","9491.11 Cr.","","","UPI/DR/941271174833/Google I/UTIB/playstore-games/","","25","1"
"12/11/2025","430.00","","9061.11 Cr.","","","UPI/DR/914249117058/JOVIN AR/YESB/paytmqr1lqieg5l/","","25","1"
"12/11/2025","819.00","","8242.11 Cr.","","","UPI/DR/328916163559/Swiggy/UTIB/swiggy.rzp@axis/Pa","","25","1"
"13/11/2025","6500.00","","1742.11 Cr.","","","D16724422CR TO440300NG00001252 : TO:SAR:D16724422CR TO440300NG00001252","","25","1"
"13/11/2025","145.00","","1597.11 Cr.","","","UPI/DR/001385914184/HOTEL AP/YESB/paytm.s1hgp72@p/","","25","1"
"13/11/2025","529.00","","1068.11 Cr.","","","UPI/DR/950945219223/ZOMATO L/YESB/zomato-order@pt/","","25","1"
"14/11/2025","","10000.00","11068.11 Cr.","","","From:XXXX9601:VISAKA INDANE NDNE RETAILER","","25","1"
"14/11/2025","9440.00","","1628.11 Cr.","","","UPI/DR/296235962110/VIJAYAKU/FDRL/aprvijay4545-1@/","","25","1"
"14/11/2025","200.00","","1428.11 Cr.","","","UPI/DR/034847146381/Mr S TAM/IDIB/9003889212@ybl/P","","25","1"
"14/11/2025","","21000.00","22428.11 Cr.","","","From:XXXX9601:VISAKA INDANE NDNE RETAILER","","25","1"
"14/11/2025","20160.00","","2268.11 Cr.","","","UPI/DR/261653457207/Bank Acc/SBIN/34869287255@SBI/","","25","1"
"14/11/2025","218.00","","2050.11 Cr.","","","UPI/DR/065561426787/ARSH TEA/YESB/Q015139993@ybl/P","","25","1"
"14/11/2025","","31800.00","33850.11 Cr.","","","From:XXXX6668:S A DHANDAPANI","","25","1"
"14/11/2025","22320.00","","11530.11 Cr.","","","UPI/DR/137256026758/Bank Acc/BKID/836120110000332/","","25","1"
"14/11/2025","7500.00","","4030.11 Cr.","","","UPI/DR/876697551757/Bank Acc/SBIN/20185980577@SBI/","","25","1"
"14/11/2025","400.00","","3630.11 Cr.","","","UPI/DR/565885413721/SIDDIQUE/UTIB/haksiddique@oka/","","25","1"
"14/11/2025","310.00","","3320.11 Cr.","","","UPI/DR/960681753809/Google I/UTIB/playstore-games/","","25","1"
"15/11/2025","550.00","","2770.11 Cr.","","","UPI/DR/931178653809/Mr BOOPA/CIUB/boopathyindra19/","","25","1"
"15/11/2025","","5000.00","7770.11 Cr.","","","UPI/CR/519106771047/VISAKA I/PUNB/saravanand771@y/","","25","1"
"15/11/2025","7000.00","","770.11 Cr.","","","UPI/DR/873038407187/VEERALAK/CNRB/lakshmideepak79/","","25","1"
"15/11/2025","619.00","","151.11 Cr.","","","UPI/DR/287101504163/SWIGGY/ICIC/upiswiggy@icici/Pa","","26","1"
"15/11/2025","","20000.00","20151.11 Cr.","","","From:XXXX9601:VISAKA INDANE NDNE RETAILER","","26","1"
"15/11/2025","12400.00","","7751.11 Cr.","","","UPI/DR/852023435821/Bank Acc/IBKL/142910400017439/","","26","1"
"15/11/2025","","1000.00","8751.11 Cr.","","","UPI/CR/503340165641/VISAKA I/PUNB/saravanand771@y/","","26","1"
"15/11/2025","8000.00","","751.11 Cr.","","","UPI/DR/608731534098/MAHENDRA/KVBL/mahigrm5@okicic/","","26","1"
"16/11/2025","100.00","","651.11 Cr.","","","UPI/DR/193485600113/Google I/UTIB/playstore-games/","","26","1"
"16/11/2025","633.00","","18.11 Cr.","","","UPI/DR/547939500286/Swiggy/UTIB/swiggy.rzp@axis/Pa","","26","1"
"16/11/2025","18.11","","0.00 Cr.","","","MAB CHRG ACCOUNT-7533 2025-10-01 TO 2025-10-31","","26","1"
"16/11/2025","","2500.00","2500.00 Cr.","","","UPI/CR/957888477173/VISAKA I/PUNB/saravanand771@y/","","26","1"
"16/11/2025","950.00","","1550.00 Cr.","","","UPI/DR/389135774960/ABDUL HA/SBIN/ha5476554@okaxi/","","26","1"
"16/11/2025","101.00","","1449.00 Cr.","","","UPI/DR/747533794478/Pushpara/YESB/paytmqr6aht6x@p/","","26","1"
"17/11/2025","310.00","","1139.00 Cr.","","","UPI/DR/589421703050/Google I/UTIB/playstore-games/","","26","1"
"17/11/2025","200.00","","939.00 Cr.","","","UPI/DR/990250345144/Mr S TAM/IDIB/9003889212@ybl/P","","26","1"
"17/11/2025","212.84","","726.16 Cr.","","","SHORTFAL REC- MAB CHRG ACCOUNT-7533 2025-10-01 TO","","26","1"
"17/11/2025","280.00","","446.16 Cr.","","","UPI/DR/450299894625/MUTHUKUM/IOBA/chinthuvideos19/","","26","1"
"17/11/2025","","6000.00","6446.16 Cr.","","","UPI/CR/437298592209/VISAKA I/PUNB/saravanand771@y/","","26","1"
"17/11/2025","6000.00","","446.16 Cr.","","","UPI/DR/517549466615/Bank Acc/PUNB/060300010112639/","","26","1"
"17/11/2025","100.00","","346.16 Cr.","","","UPI/DR/638991634813/Google I/UTIB/playstore-games/","","26","1"
"18/11/2025","290.00","","56.16 Cr.","","","UPI/DR/738702673225/Google/UTIB/playstore@axisb/Ma","","26","1"
"18/11/2025","","1200.00","1256.16 Cr.","","","UPI/CR/214219651101/VISAKA I/PUNB/saravanand771@y/","","26","1"
"18/11/2025","487.40","","768.76 Cr.","","","UPI/DR/196689116406/IBACO TN/HDFC/ibacotntpjthill/","","26","1"
"18/11/2025","172.00","","596.76 Cr.","","","UPI/DR/734085681267/Radha te/YESB/paytmqr6poc3q@p/","","26","1"
"19/11/2025","148.15","","448.61 Cr.","","","UPI/DR/197090520175/MAKEMYTR/UTIB/makemytriprails/","","26","1"
"19/11/2025","200.00","","248.61 Cr.","","","UPI/DR/101841111228/Mr S TAM/IDIB/arsantamiltamil/","","26","1"
"19/11/2025","","5000.00","5248.61 Cr.","","","UPI/CR/192364867972/VISAKA I/PUNB/saravanand771@y/","","26","1"
"19/11/2025","398.00","","4850.61 Cr.","","","UPI/DR/380305659807/WESTSIDE/HDFC/westside.428888/","","26","1"
"20/11/2025","","36000.00","40850.61 Cr.","","","From:XXXX9601:VISAKA INDANE NDNE RETAILER","","26","1"
"20/11/2025","10000.00","","30850.61 Cr.","","","UPI/DR/521780334961/Mr JAYA/IDIB/www.jsuri3344@o/P","","26","1"
"20/11/2025","6000.00","","24850.61 Cr.","","","UPI/DR/818118598370/Bank Acc/PUNB/060300010112639/","","26","1"
"20/11/2025","20000.00","","4850.61 Cr.","","","UPI/DR/508225417182/Bank Acc/IDIB/405666404@IDIB0/","","26","1"
"20/11/2025","200.00","","4650.61 Cr.","","","UPI/DR/208114150217/Mr S TAM/IDIB/arsantamiltamil/","","26","1"
"20/11/2025","1810.00","","2840.61 Cr.","","","UPI/DR/845833514681/PL SM Sa/YESB/paytm.s16slif@p/","","26","1"
"20/11/2025","2500.00","","340.61 Cr.","","","UPI/DR/478382390209/VISAKA I/PUNB/saravanand771@y/","","26","1"
"21/11/2025","","1000.00","1340.61 Cr.","","","UPI/CR/258957973050/VISAKA I/PUNB/saravanand771@y/","","26","1"
"21/11/2025","1000.00","","340.61 Cr.","","","UPI/DR/798386179762/VIJAYA V/ICIC/venkatesh13767@/","","26","1"
"21/11/2025","200.00","","140.61 Cr.","","","UPI/DR/776230615557/Mr S TAM/IDIB/arsantamiltamil/","","26","1"
"21/11/2025","","750.00","890.61 Cr.","","","UPI/CR/976586130307/VISAKA I/PUNB/saravanand771@y/","","26","1"
"21/11/2025","310.00","","580.61 Cr.","","","UPI/DR/827657089338/Google I/UTIB/playstore-games/","","26","1"
"22/11/2025","","5000.00","5580.61 Cr.","","","From:XXXX9601:VISAKA INDANE NDNE RETAILER","","26","1"
"22/11/2025","","2200.00","7780.61 Cr.","","","UPI/CR/986388333742/VISAKA I/PUNB/saravanand771@y/","","26","1"
"22/11/2025","6261.00","","1519.61 Cr.","","","UPI/DR/715651001732/Life Sty/YESB/LANDMARKLIFESTY/","","26","1"
"22/11/2025","946.00","","573.61 Cr.","","","UPI/DR/029522922575/PhonePe/YESB/BBPSBP@ybl/Paymen","","26","1"
"22/11/2025","100.00","","473.61 Cr.","","","UPI/DR/145305895716/Google I/UTIB/playstore-games/","","26","1"
"22/11/2025","","1500.00","1973.61 Cr.","","","UPI/CR/453839207269/VISAKA I/PUNB/saravanand771@y/","","26","1"
"22/11/2025","459.00","","1514.61 Cr.","","","UPI/DR/260886043539/ZOMATO/HDFC/payzomato@hdfcb/Pa","","26","1"
"22/11/2025","594.00","","920.61 Cr.","","","UPI/DR/317515060294/ZOMATO L/HDFC/zomatofd.payu@h/","","26","1"
"23/11/2025","","25000.00","25920.61 Cr.","","","UPI/CR/589881390980/VISAKA I/PUNB/saravanand771@y/","","26","1"
"23/11/2025","20000.00","","5920.61 Cr.","","","UPI/DR/118032799545/AJITH KU/UBIN/ajithvarshan702/","","26","1"
"23/11/2025","5000.00","","920.61 Cr.","","","UPI/DR/713854955143/Bank Acc/SIBL/038805300001481/","","26","1"
"23/11/2025","40.00","","880.61 Cr.","","","UPI/DR/480137825060/MRS PRIY/YESB/Q216967689@ybl/P","","26","1"
"23/11/2025","100.00","","780.61 Cr.","","","UPI/DR/361511482251/MRS PRIY/YESB/Q013880875@ybl/P","","26","1"
"23/11/2025","293.00","","487.61 Cr.","","","UPI/DR/354761729553/Amazon I/RATN/amazon@rapl/You","","27","1"
"24/11/2025","","10000.00","10487.61 Cr.","","","UPI/CR/873526124570/VISAKA I/PUNB/saravanand771@y/","","27","1"
"24/11/2025","10000.00","","487.61 Cr.","","","UPI/DR/036980591899/RAMESH K/KVBL/rameshlr24@oksb/","","27","1"
"24/11/2025","","17000.00","17487.61 Cr.","","","UPI/CR/017703862110/VISAKA I/PUNB/saravanand771@y/","","27","1"
"24/11/2025","16740.00","","747.61 Cr.","","","UPI/DR/569014127029/Bank Acc/KVBL/168413500001894/","","27","1"
"24/11/2025","75.00","","672.61 Cr.","","","UPI/DR/980194815406/ATCHAYA/YESB/Q379480584@ybl/Pa","","27","1"
"24/11/2025","500.00","","172.61 Cr.","","","UPI/DR/358793775467/Google I/UTIB/playstore-games/","","27","1"
"25/11/2025","101.00","","71.61 Cr.","","","UPI/DR/260138133152/Airtel R/YESB/AIRTELPREDIRECT/","","27","1"
"26/11/2025","","500.00","571.61 Cr.","","","UPI/CR/665600477970/VISAKA I/PUNB/saravanand771@y/","","27","1"
"26/11/2025","473.35","","98.26 Cr.","","","UPI/DR/204047178081/ZOMATO/HDFC/payzomato@hdfcb/Pa","","27","1"
"26/11/2025","","1750.00","1848.26 Cr.","","","From:XXXX1151:VISAKA INDANE NDNE RETAILER","","27","1"
"26/11/2025","1750.00","","98.26 Cr.","","","UPI/DR/774378773336/PL SM Sa/YESB/paytm.s16slif@p/","","27","1"
"26/11/2025","","4000.00","4098.26 Cr.","","","From:XXXX6668:S A DHANDAPANI","","27","1"
"26/11/2025","1750.00","","2348.26 Cr.","","","UPI/DR/234669787168/VIJAYA V/ICIC/venkatesh13767@/","","27","1"
"26/11/2025","200.00","","2148.26 Cr.","","","UPI/DR/282012659021/VIJAYA V/ICIC/venkatesh13767@/","","27","1"
"26/11/2025","1039.00","","1109.26 Cr.","","","UPI/DR/393881174592/FRUITBAE/YESB/paytm.d16284487/","","27","1"
"27/11/2025","100.00","","1009.26 Cr.","","","UPI/DR/459383943340/Google I/UTIB/playstore-games/","","27","1"
"27/11/2025","200.00","","809.26 Cr.","","","UPI/DR/790002707013/Mr S TAM/IDIB/arsantamiltamil/","","27","1"
"27/11/2025","","50000.00","50809.26 Cr.","","","From:XXXX6668:S A DHANDAPANI","","27","1"
"27/11/2025","50000.00","","809.26 Cr.","","","UPI/DR/702238811576/Bank Acc/CNRB/4070201000274@C/","","27","1"
"27/11/2025","500.00","","309.26 Cr.","","","UPI/DR/740212416446/SIVAKUMA/BARB/9952395887-2@yb/","","27","1"
"27/11/2025","","10000.00","10309.26 Cr.","","","UPI/CR/448828111792/VISAKA I/PUNB/saravanand771@i/","","27","1"
"27/11/2025","10000.00","","309.26 Cr.","","","UPI/DR/517411947477/JAYAPRAK/KVBL/jayaprakash2044/","","27","1"
"28/11/2025","200.00","","109.26 Cr.","","","UPI/DR/265346696308/Mr S TAM/IDIB/arsantamiltamil/","","27","1"
"28/11/2025","","500.00","609.26 Cr.","","","UPI/CR/890232029031/VISAKA I/PUNB/saravanand771@y/","","27","1"
"28/11/2025","500.00","","109.26 Cr.","","","UPI/DR/100396036349/Google I/UTIB/playstore-games/","","27","1"
"28/11/2025","100.00","","9.26 Cr.","","","UPI/DR/264805422895/Google I/UTIB/playstore-games/","","27","1"
"29/11/2025","","10000.00","10009.26 Cr.","","","From:XXXX6668:S A DHANDAPANI","","27","1"
"29/11/2025","290.00","","9719.26 Cr.","","","UPI/DR/908256703335/Google/UTIB/playstore@axisb/Ma","","27","1"
"29/11/2025","3527.90","","6191.36 Cr.","","","UPI/DR/713321444128/Asg lour/YESB/paytm-9037118@p/","","27","1"
"30/11/2025","2000.00","","4191.36 Cr.","","","UPI/DR/814763119612/SAMINATH/CNRB/samimraja1968@o/","","27","1"
"30/11/2025","3000.00","","1191.36 Cr.","","","UPI/DR/808407287859/Bank Acc/SIBL/038805300001481/","","27","1"
"30/11/2025","","3000.00","4191.36 Cr.","","","UPI/CR/443838662286/VISAKA I/PUNB/saravanand771@y/","","27","1"
"30/11/2025","2035.00","","2156.36 Cr.","","","UPI/DR/234792511389/IBRAHIMK/SBIN/ibrubata@oksbi/P","","27","1"
"30/11/2025","860.00","","1296.36 Cr.","","","UPI/DR/873830510600/MODDYS R/YESB/paytm.d13990354/","","27","1"
"30/11/2025","488.00","","808.36 Cr.","","","UPI/DR/772533222541/Parveen/UTIB/gpay-1124497960/P","","27","1"
"01/12/2025","","23700.00","24508.36 Cr.","","","From:XXXX9601:VISAKA INDANE NDNE RETAILER","","27","1"
"01/12/2025","22750.00","","1758.36 Cr.","","","UPI/DR/674451914788/Bank Acc/IBKL/032110400055436/","","27","1"
"01/12/2025","200.00","","1558.36 Cr.","","","UPI/DR/303494856434/Mr S TAM/IDIB/arsantamiltamil/","","27","1"
"01/12/2025","1500.00","","58.36 Cr.","","","UPI/DR/431611869219/Bank Acc/SIBL/038805300001481/","","27","1"
"02/12/2025","","2000.00","2058.36 Cr.","","","UPI/CR/268181698014/VISAKA I/PUNB/saravanand771@y/","","27","1"
"02/12/2025","1705.00","","353.36 Cr.","","","UPI/DR/300873399430/GUNASEKA/YESB/paytmqr6611od@p/","","27","1"
"02/12/2025","","40000.00","40353.36 Cr.","","","From:XXXX9601:VISAKA INDANE NDNE RETAILER","","27","1"
"02/12/2025","39700.00","","653.36 Cr.","","","UPI/DR/061841892281/Bank Acc/CNRB/4070201000274@C/","","27","1"
"02/12/2025","100.00","","553.36 Cr.","","","UPI/DR/433030443895/ANNALAKS/IOBA/dhamodharank35@/","","27","1"
"02/12/2025","","600.00","1153.36 Cr.","","","UPI/CR/905647570913/VISAKA I/PUNB/saravanand771@y/","","27","1"
"02/12/2025","1000.00","","153.36 Cr.","","","UPI/DR/040194104147/Google I/UTIB/playstore-games/","","27","1"
"02/12/2025","","400.00","553.36 Cr.","","","UPI/CR/406394812941/VISAKA I/PUNB/saravanand771@y/","","27","1"
"02/12/2025","368.00","","185.36 Cr.","","","UPI/DR/226571038856/NEELAKAN/CNRB/nkandan047@okhd/","","27","1"
"03/12/2025","","5845.00","6030.36 Cr.","","","IMPS-IN/533717319901/0000000000/MUTHOOTF","","27","1"
"03/12/2025","5000.00","","1030.36 Cr.","","","UPI/DR/984524748170/VISAKA I/PUNB/saravanand771@y/","","27","1"
"03/12/2025","","2100.00","3130.36 Cr.","","","From:XXXX1151:VISAKA INDANE NDNE RETAILER","","28","1"
"03/12/2025","2500.00","","630.36 Cr.","","","UPI/DR/784222770310/VISAKA I/PUNB/saravanand771@y/","","28","1"
"04/12/2025","600.00","","30.36 Cr.","","","UPI/DR/426949059170/VISAKA I/PUNB/saravanand771@y/","","28","1"
"04/12/2025","","21000.00","21030.36 Cr.","","","From:XXXX9601:VISAKA INDANE NDNE RETAILER","","28","1"
"04/12/2025","10650.00","","10380.36 Cr.","","","UPI/DR/374551258814/SIDDIQUE/UTIB/haksiddique@oka/","","28","1"
"04/12/2025","9700.00","","680.36 Cr.","","","UPI/DR/035524158651/VIJAYA V/ICIC/venkatesh13767@/","","28","1"
"05/12/2025","","18000.00","18680.36 Cr.","","","From:XXXX6668:S A DHANDAPANI","","28","1"
"05/12/2025","17500.00","","1180.36 Cr.","","","UPI/DR/155793022901/Bank Acc/IDIB/6316161593@IDIB/","","28","1"
"05/12/2025","180.00","","1000.36 Cr.","","","UPI/DR/571786931515/Sangeeth/YESB/paytm.s1ivvh1@p/","","28","1"
"05/12/2025","200.00","","800.36 Cr.","","","UPI/DR/317215729828/Mr S TAM/IDIB/arsantamiltamil/","","28","1"
"05/12/2025","660.00","","140.36 Cr.","","","UPI/DR/879046379689/REGIONAL/IDIB/rglsi@indianbk/P","","28","1"
"05/12/2025","","500.00","640.36 Cr.","","","UPI/CR/568427248955/VISAKA I/PUNB/saravanand771@y/","","28","1"
"05/12/2025","390.00","","250.36 Cr.","","","UPI/DR/873360948272/REGIONAL/BARB/regio98844921@b/","","28","1"
"05/12/2025","","300.00","550.36 Cr.","","","UPI/CR/778869211336/VISAKA I/PUNB/saravanand771@y/","","28","1"
"05/12/2025","300.00","","250.36 Cr.","","","UPI/DR/159480786645/REGIONAL/IDIB/rglsi@indianbk/P","","28","1"
"05/12/2025","125.00","","125.36 Cr.","","","UPI/DR/638235740658/JESURAJ/KVBL/jesurajrajamich/P","","28","1"
"05/12/2025","1.00","","124.36 Cr.","","","UPI/DR/465867117282/Swiggy L/UTIB/swiggyupi@axb/Pa","","28","1"
"05/12/2025","50.00","","74.36 Cr.","","","UPI/DR/921558154243/SOMASUND/YESB/Q326274995@ybl/P","","28","1"
"06/12/2025","","10000.00","10074.36 Cr.","","","From:XXXX9601:VISAKA INDANE NDNE RETAILER","","28","1"
"06/12/2025","10000.00","","74.36 Cr.","","","UPI/DR/417446827242/PANDIYAN/BKID/pandianj.11@oks/","","28","1"
"06/12/2025","","34500.00","34574.36 Cr.","","","From:XXXX6668:S A DHANDAPANI","","28","1"
"06/12/2025","1100.00","","33474.36 Cr.","","","UPI/DR/620114796590/Mr BOOPA/CIUB/boopathyindra19/","","28","1"
"06/12/2025","7000.00","","26474.36 Cr.","","","UPI/DR/929261684848/Bank Acc/SIBL/038805300001481/","","28","1"
"06/12/2025","10000.00","","16474.36 Cr.","","","UPI/DR/428623398537/Mr Manik/IDIB/7639355545@ybl/P","","28","1"
"06/12/2025","10000.00","","6474.36 Cr.","","","UPI/DR/867846870251/SOUNDARR/SBIN/muthusoundar821/","","28","1"
"06/12/2025","290.00","","6184.36 Cr.","","","UPI/DR/705476793405/Google/UTIB/playstore@axisb/Ma","","28","1"
"06/12/2025","497.73","","5686.63 Cr.","","","UPI/DR/108472536553/McDonald/UTIB/MCDONALDSINDIA@/","","28","1"
"06/12/2025","","10000.00","15686.63 Cr.","","","IMPS-IN/534018941247/8778665077/SARAVANA","","28","1"
"06/12/2025","4800.00","","10886.63 Cr.","","","UPI/DR/202356963894/RITHIKHA/HDFC/rithikhainn.670/","","28","1"
"06/12/2025","176.00","","10710.63 Cr.","","","UPI/DR/008564806805/ALLIMUTH/YESB/Q866386729@ybl/P","","28","1"
"07/12/2025","6500.00","","4210.63 Cr.","","","D16724422CR TO440300NG00001252 : TO:SAR:D16724422CR TO440300NG00001252","","28","1"
"07/12/2025","310.00","","3900.63 Cr.","","","UPI/DR/906037135718/Google I/UTIB/playstore-games/","","28","1"
"07/12/2025","","3500.00","7400.63 Cr.","","","From:XXXX6668:S A DHANDAPANI","","28","1"
"07/12/2025","800.00","","6600.63 Cr.","","","UPI/DR/506116097968/MEENAKSH/YESB/paytmqr6ool1w@p/","","28","1"
"07/12/2025","1750.00","","4850.63 Cr.","","","UPI/DR/471964465224/SIVAKUMA/BARB/9952395887-2@yb/","","28","1"
"07/12/2025","302.55","","4548.08 Cr.","","","UPI/DR/844867815013/GRACE MA/HDFC/gracemartprivat/","","28","1"
"07/12/2025","","5000.00","9548.08 Cr.","","","UPI/CR/613502803728/VISAKA I/PUNB/saravanand771@y/","","28","1"
"07/12/2025","5000.00","","4548.08 Cr.","","","UPI/DR/397963908552/VISAKA I/PUNB/saravanand771@y/","","28","1"
"07/12/2025","503.00","","4045.08 Cr.","","","UPI/DR/502361090278/PhonePe/UTIB/BBPSBP@axl/Paymen","","28","1"
"07/12/2025","45.00","","4000.08 Cr.","","","UPI/DR/633915129260/SHARAF A/YESB/paytmqr5erq9p@p/","","28","1"
"07/12/2025","1276.00","","2724.08 Cr.","","","UPI/DR/413500055391/AJFAN DA/FDRL/BHARATPE.905001/","","28","1"
"07/12/2025","1500.00","","1224.08 Cr.","","","UPI/DR/618792500732/Bank Acc/SIBL/038805300001481/","","28","1"
"08/12/2025","200.00","","1024.08 Cr.","","","UPI/DR/608608029411/Mr S TAM/IDIB/arsantamiltamil/","","28","1"
"08/12/2025","250.00","","774.08 Cr.","","","UPI/DR/827224131964/SENTHIL/IOBA/sksenthilsk1970/P","","28","1"
"08/12/2025","","2200.00","2974.08 Cr.","","","UPI/CR/288903641445/VISAKA I/PUNB/saravanand771@y/","","28","1"
"08/12/2025","2114.00","","860.08 Cr.","","","UPI/DR/476076301268/PIZZA HU/HDFC/pizzahut.428204/","","28","1"
"08/12/2025","91.00","","769.08 Cr.","","","UPI/DR/507277801456/Santhosh/YESB/paytmqr6n0uer@p/","","28","1"
"09/12/2025","","15000.00","15769.08 Cr.","","","From:XXXX6668:S A DHANDAPANI","","28","1"
"09/12/2025","14000.00","","1769.08 Cr.","","","UPI/DR/510880963491/Bank Acc/SIBL/038805300001481/","","28","1"
"09/12/2025","500.00","","1269.08 Cr.","","","UPI/DR/786674484255/Google I/UTIB/playstore-games/","","28","1"
"10/12/2025","472.00","","797.08 Cr.","","","UPI/DR/626883818504/Mr A BAL/IDIB/bala79179@okhdf/","","29","1"
"10/12/2025","","54000.00","54797.08 Cr.","","","From:XXXX6668:S A DHANDAPANI","","29","1"
"10/12/2025","50000.00","","4797.08 Cr.","","","UPI/DR/713173842642/Bank Acc/CNRB/4070201000274@C/","","29","1"
"10/12/2025","4000.00","","797.08 Cr.","","","UPI/DR/341005245350/AJITH KU/UBIN/ajithvarshan702/","","29","1"
"10/12/2025","200.00","","597.08 Cr.","","","UPI/DR/073714019984/Mr S TAM/IDIB/arsantamiltamil/","","29","1"
"10/12/2025","","20000.00","20597.08 Cr.","","","From:XXXX6668:S A DHANDAPANI","","29","1"
"10/12/2025","","5000.00","25597.08 Cr.","","","From:XXXX6668:S A DHANDAPANI","","29","1"
"10/12/2025","12000.00","","13597.08 Cr.","","","UPI/DR/804963663634/RAJKUMAR/CNRB/rajkumarrm171@y/","","29","1"
"10/12/2025","12000.00","","1597.08 Cr.","","","UPI/DR/510675359453/BALASUBR/CNRB/bala5443-5@okic/","","29","1"
"11/12/2025","","14000.00","15597.08 Cr.","","","From:XXXX6668:S A DHANDAPANI","","29","1"
"11/12/2025","8000.00","","7597.08 Cr.","","","UPI/DR/123965614515/PANDIYAN/BKID/pandianj.11@oks/","","29","1"
"11/12/2025","5440.00","","2157.08 Cr.","","","UPI/DR/261924661593/MAHENDRA/KVBL/mahigrm5@okicic/","","29","1"
"11/12/2025","200.00","","1957.08 Cr.","","","UPI/DR/810095103455/Google/UTIB/playstore@axisb/Ma","","29","1"
"11/12/2025","170.00","","1787.08 Cr.","","","UPI/DR/375980373763/Radha te/YESB/paytmqr6poc3q@p/","","29","1"
"11/12/2025","500.00","","1287.08 Cr.","","","UPI/DR/584129059752/SVR Agen/YESB/paytmqr5da7zl@p/","","29","1"
"12/12/2025","1000.00","","287.08 Cr.","","","UPI/DR/648098537897/SAMINATH/CNRB/samimraja1968@o/","","29","1"
"12/12/2025","200.00","","87.08 Cr.","","","UPI/DR/849406151726/Mr S TAM/IDIB/arsantamiltamil/","","29","1"
"12/12/2025","85.00","","2.08 Cr.","","","UPI/DR/234046761963/Radha te/YESB/paytmqr6poc3q@p/","","29","1"
"13/12/2025","","3000.00","3002.08 Cr.","","","From:XXXX6668:S A DHANDAPANI","","29","1"
"13/12/2025","90.00","","2912.08 Cr.","","","UPI/DR/935875795817/Suresh K/YESB/paytmqr591hsl@p/","","29","1"
"13/12/2025","","17500.00","20412.08 Cr.","","","UPI/CR/734032883490/VISAKA I/PUNB/saravanand771@i/","","29","1"
"13/12/2025","20160.00","","252.08 Cr.","","","UPI/DR/887416031826/Bank Acc/SBIN/40297101954@SBI/","","29","1"
"14/12/2025","","1200.00","1452.08 Cr.","","","IMPS-IN/534808911011/8778665077/SARAVANA","","29","1"
"14/12/2025","","750.00","2202.08 Cr.","","","UPI/CR/931632333207/VISAKA I/PUNB/saravanand771@y/","","29","1"
"14/12/2025","1750.00","","452.08 Cr.","","","UPI/DR/709062953315/PL SM Sa/YESB/paytm.s16slif@p/","","29","1"
"14/12/2025","172.35","","279.73 Cr.","","","MAB CHRG ACCOUNT-7533 2025-11-01 TO 2025-11-30","","29","1"
"14/12/2025","","10000.00","10279.73 Cr.","","","UPI/CR/807145180753/VISAKA I/PUNB/saravanand771@y/","","29","1"
"14/12/2025","1701.85","","8577.88 Cr.","","","UPI/DR/120431330784/ZOMATO L/YESB/zomato-order@pt/","","29","1"
"14/12/2025","8000.00","","577.88 Cr.","","","ATM WDR 534814024399 PON NAGAR BR","","29","1"
"14/12/2025","27.14","","550.74 Cr.","","","ATM WDR 534814024399 PON NAGAR BR","","29","1"
"15/12/2025","200.00","","350.74 Cr.","","","UPI/DR/491641095446/Mr S TAM/IDIB/arsantamiltamil/","","29","1"
"16/12/2025","290.00","","60.74 Cr.","","","UPI/DR/216764433505/Google/UTIB/playstore@axisb/Ma","","29","1"
"17/12/2025","","50000.00","50060.74 Cr.","","","From:XXXX6668:S A DHANDAPANI","","29","1"
"17/12/2025","","30000.00","80060.74 Cr.","","","From:XXXX6668:S A DHANDAPANI","","29","1"
"17/12/2025","39700.00","","40360.74 Cr.","","","UPI/DR/034398304717/Bank Acc/CNRB/4070201000274@C/","","29","1"
"17/12/2025","10000.00","","30360.74 Cr.","","","UPI/DR/970676956030/PANDIYAN/BKID/pandianj.11@oks/","","29","1"
"17/12/2025","20000.00","","10360.74 Cr.","","","UPI/DR/957008867528/PALANIYA/ICIC/pannerkalai87@o/","","29","1"
"17/12/2025","2500.00","","7860.74 Cr.","","","UPI/DR/840038370441/ARK FUEL/YESB/paytm-46042661@/","","29","1"
"17/12/2025","782.18","","7078.56 Cr.","","","UPI/DR/702501500019/Smart Ti/JIOP/2306665891362-0/","","29","1"
"17/12/2025","840.00","","6238.56 Cr.","","","UPI/DR/620843148454/Mr Franc/IDIB/jmjcine@okaxis/P","","29","1"
"17/12/2025","1500.00","","4738.56 Cr.","","","UPI/DR/470776800755/Mr Murug/IDIB/mruganmani05-1@/","","29","1"
"17/12/2025","3000.00","","1738.56 Cr.","","","UPI/DR/281165736262/BASKARAN/CNRB/baskar500600@ok/","","29","1"
"17/12/2025","180.00","","1558.56 Cr.","","","UPI/DR/292071371713/M CHINN/YESB/Q487246458@ybl/P","","29","1"
"17/12/2025","716.32","","842.24 Cr.","","","UPI/DR/998753012397/Eternal/AIRP/EternalLTD.payu/U","","29","1"
"18/12/2025","310.00","","532.24 Cr.","","","UPI/DR/473506941556/Swiggy/ICIC/swiggystores@ic/Pa","","29","1"
"18/12/2025","","12000.00","12532.24 Cr.","","","From:XXXX6668:S A DHANDAPANI","","29","1"
"18/12/2025","8500.00","","4032.24 Cr.","","","UPI/DR/499688811859/K BALASU/BARB/kandasamybalasu/","","29","1"
"18/12/2025","700.00","","3332.24 Cr.","","","UPI/DR/656762183525/Google/UTIB/playstore@axisb/Ma","","29","1"
"18/12/2025","","10000.00","13332.24 Cr.","","","From:XXXX6668:S A DHANDAPANI","","29","1"
"18/12/2025","5000.00","","8332.24 Cr.","","","UPI/DR/570667282854/SIDDIQUE/UTIB/haksiddique@oka/","","29","1"
"18/12/2025","3000.00","","5332.24 Cr.","","","UPI/DR/401778023128/VIJAYA V/ICIC/venkatesh13767@/","","29","1"
"18/12/2025","1499.00","","3833.24 Cr.","","","UPI/DR/559396564027/ASWINI M/YESB/paytmqr6ebamk@p/","","29","1"
"18/12/2025","550.00","","3283.24 Cr.","","","UPI/DR/681236822428/Mr BOOPA/CIUB/boopathyindra19/","","30","1"
"18/12/2025","190.00","","3093.24 Cr.","","","UPI/DR/517563639751/VALLIYAM/YESB/Q411744466@ybl/P","","30","1"
"18/12/2025","3000.00","","93.24 Cr.","","","UPI/DR/222214058376/Mr S TAM/IDIB/arsantamiltamil/","","30","1"
"19/12/2025","","1200.00","1293.24 Cr.","","","UPI/CR/465096787807/VISAKA I/PUNB/saravanand771@y/","","30","1"
"19/12/2025","1006.75","","286.49 Cr.","","","UPI/DR/126950545264/ZOMATO L/YESB/zomato-order@pt/","","30","1"
"20/12/2025","280.00","","6.49 Cr.","","","UPI/DR/227935958466/VISAKA I/PUNB/saravanand771@y/","","30","1"
"20/12/2025","","12000.00","12006.49 Cr.","","","From:XXXX6668:S A DHANDAPANI","","30","1"
"20/12/2025","1400.00","","10606.49 Cr.","","","UPI/DR/799274697379/SIVAKUMA/BARB/9952395887-2@yb/","","30","1"
"20/12/2025","1000.00","","9606.49 Cr.","","","UPI/DR/817519626999/SIVAKUMA/BARB/9952395887-2@yb/","","30","1"
"20/12/2025","550.00","","9056.49 Cr.","","","UPI/DR/781084676711/Mr BOOPA/CIUB/boopathyindra19/","","30","1"
"20/12/2025","1500.00","","7556.49 Cr.","","","UPI/DR/213603875727/Mr Murug/IDIB/mruganmani05-1@/","","30","1"
"20/12/2025","1650.00","","5906.49 Cr.","","","UPI/DR/235140301953/SAMINATH/CNRB/samimraja1968@o/","","30","1"
"20/12/2025","185.00","","5721.49 Cr.","","","UPI/DR/082151862492/ASARUDEE/CNRB/331129119969125/","","30","1"
"21/12/2025","2500.00","","3221.49 Cr.","","","UPI/DR/965027452842/VISAKA I/PUNB/saravanand771@y/","","30","1"
"21/12/2025","","26000.00","29221.49 Cr.","","","From:XXXX6668:S A DHANDAPANI","","30","1"
"21/12/2025","14560.00","","14661.49 Cr.","","","UPI/DR/734888161121/Bank Acc/KVBL/176801000000006/","","30","1"
"21/12/2025","8000.00","","6661.49 Cr.","","","UPI/DR/104806074098/PANDIYAN/BKID/pandianj.11@oks/","","30","1"
"21/12/2025","195.00","","6466.49 Cr.","","","UPI/DR/916237792737/Radha te/YESB/paytmqr6poc3q@p/","","30","1"
"21/12/2025","1500.00","","4966.49 Cr.","","","UPI/DR/411093330220/Mr Murug/IDIB/mruganmani05-1@/","","30","1"
"21/12/2025","2000.00","","2966.49 Cr.","","","UPI/DR/924051102914/SARAVANA/CNRB/saravanan230620/","","30","1"
"21/12/2025","170.00","","2796.49 Cr.","","","UPI/DR/158468863203/MALIKA/SBIN/chefinabox5-1@o/Pa","","30","1"
"21/12/2025","310.00","","2486.49 Cr.","","","UPI/DR/843122490883/Google A/UTIB/playstoregames1/","","30","1"
"21/12/2025","337.00","","2149.49 Cr.","","","UPI/DR/382181240228/SOFTY 10/HDFC/softy100.680224/","","30","1"
"21/12/2025","950.00","","1199.49 Cr.","","","UPI/DR/504913288832/A SQUARE/HDFC/asquareenterpri/","","30","1"
"21/12/2025","90.00","","1109.49 Cr.","","","UPI/DR/044494352444/A SQUARE/HDFC/asquareenterpri/","","30","1"
"22/12/2025","1100.00","","9.49 Cr.","","","UPI/DR/920679548386/VISAKA I/PUNB/saravanand771@y/","","30","1"
"22/12/2025","","22000.00","22009.49 Cr.","","","From:XXXX6668:S A DHANDAPANI","","30","1"
"22/12/2025","20000.00","","2009.49 Cr.","","","UPI/DR/058655089568/Bank Acc/IDIB/405666404@IDIB0/","","30","1"
"22/12/2025","60.00","","1949.49 Cr.","","","UPI/DR/194755379216/SARAVANA/SBIN/saravana197377@/","","30","1"
"22/12/2025","1300.00","","649.49 Cr.","","","UPI/DR/034104769097/RAVI KUM/CNRB/kravi632813@oks/","","30","1"
"22/12/2025","172.00","","477.49 Cr.","","","UPI/DR/610777866142/VALLIYAM/YESB/Q931126176@ybl/P","","30","1"
"23/12/2025","","3000.00","3477.49 Cr.","","","UPI/CR/888748974540/VISAKA I/PUNB/saravanand771@y/","","30","1"
"23/12/2025","1730.00","","1747.49 Cr.","","","UPI/DR/164683461729/Mr S A M/IDIB/fishtrichymajee/","","30","1"
"23/12/2025","","61000.00","62747.49 Cr.","","","From:XXXX9601:VISAKA INDANE NDNE RETAILER","","30","1"
"23/12/2025","50000.00","","12747.49 Cr.","","","UPI/DR/011812834931/Bank Acc/CNRB/4070201000274@C/","","30","1"
"23/12/2025","10400.00","","2347.49 Cr.","","","UPI/DR/766698686403/ASHOKKUM/PUNB/7200987304@ybl/P","","30","1"
"23/12/2025","946.00","","1401.49 Cr.","","","UPI/DR/359362613145/PhonePe/YESB/SV2512112238344/P","","30","1"
"23/12/2025","200.00","","1201.49 Cr.","","","UPI/DR/830723394571/Mr BOOPA/CIUB/boopathyindra19/","","30","1"
"23/12/2025","290.00","","911.49 Cr.","","","UPI/DR/917444093575/Google/UTIB/playstore@axisb/Ma","","30","1"
"23/12/2025","130.00","","781.49 Cr.","","","UPI/DR/418836543379/SIVAKUMA/BARB/9952395887-2@yb/","","30","1"
"23/12/2025","94.00","","687.49 Cr.","","","UPI/DR/325930570051/SOMASUND/YESB/Q326274995@ybl/P","","30","1"
"24/12/2025","195.00","","492.49 Cr.","","","UPI/DR/354504723355/airtel/UTIB/airtel.payu@axi/Pr","","30","1"
"24/12/2025","","1500.00","1992.49 Cr.","","","UPI/CR/921455923060/VISAKA I/PUNB/saravanand771@y/","","30","1"
"24/12/2025","947.00","","1045.49 Cr.","","","UPI/DR/646735657432/ZOMATO/HDFC/payzomato@hdfcb/Pa","","30","1"
"25/12/2025","700.00","","345.49 Cr.","","","UPI/DR/388462573595/Google/UTIB/playstore@axisb/Ma","","30","1"
"25/12/2025","","1000.00","1345.49 Cr.","","","UPI/CR/558377512236/VISAKA I/PUNB/saravanand771@y/","","30","1"
"25/12/2025","800.00","","545.49 Cr.","","","UPI/DR/702652916038/PRITHI U/YESB/paytmqrwsolr48q/","","30","1"
"25/12/2025","180.00","","365.49 Cr.","","","UPI/DR/221121717348/Senthilk/YESB/paytmqr6qx44x@p/","","30","1"
"25/12/2025","350.00","","15.49 Cr.","","","UPI/DR/825461754208/SAMINATH/CNRB/samimraja1968@","","30","1"
"26/12/2025","","13000.00","13015.49 Cr.","","","From:XXXX6668:S A DHANDAPANI","","31","1"
"26/12/2025","10000.00","","3015.49 Cr.","","","UPI/DR/922294533855/PANDIYAN/BKID/pandianj.11@oks/","","31","1"
"26/12/2025","638.61","","2376.88 Cr.","","","UPI/DR/465786500470/Smart Ti/JIOP/2306665910473-0/","","31","1"
"26/12/2025","115.00","","2261.88 Cr.","","","UPI/DR/780606175838/ARASU_SH/YESB/paytmqr6656mb@p/","","31","1"
"26/12/2025","500.00","","1761.88 Cr.","","","UPI/DR/154026527208/Bank Acc/SIBL/038805300001481/","","31","1"
"26/12/2025","1125.00","","636.88 Cr.","","","UPI/DR/541304681493/Mr BOOPA/CIUB/boopathyindra19/","","31","1"
"26/12/2025","","35400.00","36036.88 Cr.","","","From:XXXX6668:S A DHANDAPANI","","31","1"
"26/12/2025","1700.00","","34336.88 Cr.","","","UPI/DR/815352159309/Mr Murug/IDIB/mruganmani05-1@/","","31","1"
"26/12/2025","30000.00","","4336.88 Cr.","","","UPI/DR/001203107524/Bank Acc/KKBK/9312467310@KKBK/","","31","1"
"26/12/2025","471.15","","3865.73 Cr.","","","UPI/DR/866719864580/ZOMATO/HDFC/payzomato@hdfcb/Pa","","31","1"
"26/12/2025","496.00","","3369.73 Cr.","","","UPI/DR/554132376496/ZOMATO L/YESB/zomato-order@pt/","","31","1"
"26/12/2025","576.00","","2793.73 Cr.","","","UPI/DR/588415619932/ZOMATO/HDFC/payzomato@hdfcb/Pa","","31","1"
"27/12/2025","1200.00","","1593.73 Cr.","","","UPI/DR/691650735028/Bank Acc/SIBL/038805300001481/","","31","1"
"27/12/2025","1500.00","","93.73 Cr.","","","UPI/DR/603267666504/Mr Murug/IDIB/mruganmani05-1@/","","31","1"
"27/12/2025","","4000.00","4093.73 Cr.","","","From:XXXX6668:S A DHANDAPANI","","31","1"
"27/12/2025","1850.00","","2243.73 Cr.","","","UPI/DR/121340111837/Mr Murug/IDIB/mruganmani05-1@/","","31","1"
"27/12/2025","310.00","","1933.73 Cr.","","","UPI/DR/679678461529/Google A/UTIB/playstoregames1/","","31","1"
"28/12/2025","1000.00","","933.73 Cr.","","","UPI/DR/251237331232/R Yesodh/YESB/paytmqr65r984@p/","","31","1"
"28/12/2025","125.00","","808.73 Cr.","","","UPI/DR/608160224104/HOTEL AJ/HDFC/Vyapar.17198636/","","31","1"
"28/12/2025","","17000.00","17808.73 Cr.","","","From:XXXX9601:VISAKA INDANE NDNE RETAILER","","31","1"
"28/12/2025","3500.00","","14308.73 Cr.","","","UPI/DR/273547960834/Bank Acc/IDIB/405666404@IDIB0/","","31","1"
"28/12/2025","1500.00","","12808.73 Cr.","","","UPI/DR/856073942279/Bank Acc/SIBL/038805300001481/","","31","1"
"28/12/2025","12800.00","","8.73 Cr.","","","UPI/DR/114717405606/ASHOKKUM/PUNB/7200987304@ybl/P","","31","1"
"29/12/2025","","67.61","76.34 Cr.","","","NEFT IN::RBISN82025122902540269/Sovereign Gold BondsI:RBIS0MBPA04","U000000994310207","31","1"
"29/12/2025","","1200.00","1276.34 Cr.","","","UPI/CR/230980630070/VISAKA I/PUNB/saravanand771@i/","","31","1"
"29/12/2025","255.00","","1021.34 Cr.","","","UPI/DR/120403161025/DOBBLEST/YESB/paytmqr70e49v@p/","","31","1"
"29/12/2025","320.00","","701.34 Cr.","","","UPI/DR/420567958495/HAKKIM S/YESB/Q565895879@ybl/P","","31","1"
"30/12/2025","","10000.00","10701.34 Cr.","","","From:XXXX6668:S A DHANDAPANI","","31","1"
"30/12/2025","8000.00","","2701.34 Cr.","","","UPI/DR/166570643229/PANDIYAN/BKID/pandianj.11@oks/","","31","1"
"30/12/2025","1000.00","","1701.34 Cr.","","","UPI/DR/934054990305/Bank Acc/SIBL/038805300001481/","","31","1"
"30/12/2025","","43000.00","44701.34 Cr.","","","From:XXXX6668:S A DHANDAPANI","","31","1"
"30/12/2025","42700.00","","2001.34 Cr.","","","UPI/DR/371953577617/Bank Acc/CNRB/4070201000274@C/","","31","1"
"30/12/2025","290.00","","1711.34 Cr.","","","UPI/DR/680343433645/Google/UTIB/playstore@axisb/Ma","","31","1"
"30/12/2025","172.00","","1539.34 Cr.","","","UPI/DR/400832633219/VALLIYAM/YESB/Q931126176@ybl/P","","31","1"
"30/12/2025","310.00","","1229.34 Cr.","","","UPI/DR/539050335747/Google A/UTIB/playstoregames1/","","31","1"
"30/12/2025","550.00","","679.34 Cr.","","","UPI/DR/694535799898/Mr BOOPA/CIUB/boopathyindra19/","","31","1"
"30/12/2025","","1000.00","1679.34 Cr.","","","UPI/CR/794927392986/VISAKA I/PUNB/saravanand771@y/","","31","1"
"30/12/2025","1048.75","","630.59 Cr.","","","UPI/DR/326501598706/ZOMATO L/YESB/zomato-order@pt/","","31","1"
"30/12/2025","500.00","","130.59 Cr.","","","UPI/DR/311026868363/Bank Acc/SIBL/038805300001481/","","31","1"
"31/12/2025","","3100.00","3230.59 Cr.","","","UPI/CR/572597634745/VISAKA I/PUNB/saravanand771@y/","","31","1"
"31/12/2025","3100.00","","130.59 Cr.","","","UPI/DR/117060986109/SAMINATH/CNRB/samimraja1968@o/","","31","1"
"31/12/2025","","100.00","230.59 Cr.","","","UPI/CR/536519657211/SAMINATH/CNRB/samimraja1968@o/","","31","1"
"31/12/2025","","47100.00","47330.59 Cr.","","","From:XXXX9601:VISAKA INDANE NDNE RETAILER","","31","1"
"31/12/2025","25200.00","","22130.59 Cr.","","","UPI/DR/028642490087/Bank Acc/CNRB/1129101044457@C/","","31","1"
"31/12/2025","19750.00","","2380.59 Cr.","","","UPI/DR/126057983520/Bank Acc/KKBK/9312467310@KKBK/","","31","1"
"31/12/2025","803.00","","1577.59 Cr.","","","UPI/DR/185481780482/Murugesa/SBIN/riomuruges800-1/","","31","1"
"31/12/2025","700.00","","877.59 Cr.","","","UPI/DR/564996814335/Mr S TAM/IDIB/arsantamiltamil/","","31","1"
"01/01/2026","","10000.00","10877.59 Cr.","","","UPI/CR/542427295505/VISAKA I/PUNB/saravanand771@y/","","31","1"
"01/01/2026","700.00","","10177.59 Cr.","","","UPI/DR/138754580016/Google/UTIB/playstore@axisb/Ma","","31","1"
"01/01/2026","","26400.00","36577.59 Cr.","","","From:XXXX9601:VISAKA INDANE NDNE RETAILER","","32","1"
"01/01/2026","17500.00","","19077.59 Cr.","","","UPI/DR/269466914866/Bank Acc/SBIN/40170053334@SBI/","","32","1"
"01/01/2026","17500.00","","1577.59 Cr.","","","UPI/DR/247116583708/Bank Acc/SBIN/40170053334@SBI/","","32","1"
"01/01/2026","","8000.00","9577.59 Cr.","","","From:XXXX6668:S A DHANDAPANI","","32","1"
"01/01/2026","960.00","","8617.59 Cr.","","","UPI/DR/480744504054/DOBBLEST/YESB/paytmqr70e49v@p/","","32","1"
"01/01/2026","670.00","","7947.59 Cr.","","","UPI/DR/839268769074/M S CAKE/ICIC/ibkPOS.EP151968/","","32","1"
"01/01/2026","600.00","","7347.59 Cr.","","","UPI/DR/971738428022/Bank Acc/SIBL/038805300001481/","","32","1"
"02/01/2026","","2400.00","9747.59 Cr.","","","From:XXXX6668:S A DHANDAPANI","","32","1"
"02/01/2026","","2000.00","11747.59 Cr.","","","UPI/CR/375774810439/VISAKA I/PUNB/saravanand771@y/","","32","1"
"02/01/2026","","4500.00","16247.59 Cr.","","","UPI/CR/251525584153/VISAKA I/PUNB/saravanand771@y/","","32","1"
"02/01/2026","14830.00","","1417.59 Cr.","","","UPI/DR/428738275261/PhonePe/YESB/SV2512112238344/P","","32","1"
"02/01/2026","140.00","","1277.59 Cr.","","","UPI/DR/511819292832/SUGANTHI/YESB/Q350391758@ybl/P","","32","1"
"02/01/2026","170.00","","1107.59 Cr.","","","UPI/DR/580576916501/SATHIYAV/YESB/Q723111519@ybl/P","","32","1"
"02/01/2026","50.00","","1057.59 Cr.","","","UPI/DR/864650814651/SATHIYAV/YESB/Q621827281@ybl/P","","32","1"
"02/01/2026","1000.00","","57.59 Cr.","","","UPI/DR/834215047789/VISAKA I/PUNB/saravanand771@y/","","32","1"
"03/01/2026","","12000.00","12057.59 Cr.","","","UPI/CR/437578920327/VISAKA I//saravanand771@y/","","32","1"
"03/01/2026","","10000.00","22057.59 Cr.","","","From:XXXX6668:S A DHANDAPANI","","32","1"
"03/01/2026","10000.00","","12057.59 Cr.","","","UPI/DR/649753128252/RAJKUMAR/CNRB/rajkumarrm171@y/","","32","1"
"03/01/2026","5000.00","","7057.59 Cr.","","","UPI/DR/658804619156/PUNITHAV/TMBL/punithashaji9@o/","","32","1"
"03/01/2026","168.00","","6889.59 Cr.","","","UPI/DR/363776307114/Smart Ti/JIOP/2306665910473-0/","","32","1"
"03/01/2026","190.00","","6699.59 Cr.","","","UPI/DR/960320525239/VALLIYAM/YESB/Q931126176@ybl/P","","32","1"
"03/01/2026","100.00","","6599.59 Cr.","","","UPI/DR/220132475886/Airtel/YESB/airtel-prepaid./Pa","","32","1"
"03/01/2026","645.00","","5954.59 Cr.","","","UPI/DR/094549477881/ZOMATO L/YESB/zomato-order@pt/","","32","1"
"03/01/2026","1200.00","","4754.59 Cr.","","","UPI/DR/818926417828/Mr S TAM/IDIB/arsantamiltamil/","","32","1"
"03/01/2026","2400.00","","2354.59 Cr.","","","UPI/DR/157177384275/Mr S TAM/IDIB/arsantamiltamil/","","32","1"
"04/01/2026","270.81","","2083.78 Cr.","","","MAB CHRG ACCOUNT-7533 2025-12-01 TO 2025-12-31","","32","1"
"04/01/2026","1000.00","","1083.78 Cr.","","","UPI/DR/363706450691/Bank Acc/SIBL/038805300001481/","","32","1"
"04/01/2026","","2500.00","3583.78 Cr.","","","UPI/CR/392085749291/VISAKA I/PUNB/saravanand771@y/","","32","1"
"04/01/2026","2957.00","","626.78 Cr.","","","UPI/DR/154243582509/ZOMATO L/YESB/zomato-order@pt/","","32","1"
"04/01/2026","310.00","","316.78 Cr.","","","UPI/DR/693557022970/Google A/UTIB/playstoregames1/","","32","1"
"05/01/2026","200.00","","116.78 Cr.","","","UPI/DR/135592553583/Mr S TAM/IDIB/arsantamiltamil/","","32","1"
"06/01/2026","29.50","","87.28 Cr.","","","SMS CHRG FOR:01-10-2025to31-12-2025","","32","1"
"06/01/2026","","250.00","337.28 Cr.","","","UPI/CR/655165752606/VISAKA I/PUNB/saravanand771@i/","","32","1"
"06/01/2026","190.00","","147.28 Cr.","","","UPI/DR/466393579131/ARSH TEA/YESB/Q015139993@ybl/P","","32","1"
"07/01/2026","","6000.00","6147.28 Cr.","","","From:XXXX6668:S A DHANDAPANI","","32","1"
"07/01/2026","5000.00","","1147.28 Cr.","","","UPI/DR/762227682284/REDBEE C/KVBL/karthik.feb18@o/","","32","1"
"07/01/2026","290.00","","857.28 Cr.","","","UPI/DR/372995440076/Google/UTIB/playstore@axisb/Ma","","32","1"
"07/01/2026","","35000.00","35857.28 Cr.","","","From:XXXX6668:S A DHANDAPANI","","32","1"
"07/01/2026","8500.00","","27357.28 Cr.","","","UPI/DR/860647393067/Bank Acc/SIBL/038805300001481/","","32","1"
"07/01/2026","20000.00","","7357.28 Cr.","","","UPI/DR/976065243738/VISAKA I/PUNB/saravanand771@y/","","32","1"
"07/01/2026","200.00","","7157.28 Cr.","","","UPI/DR/527710858185/VALLIYAM/YESB/Q931126176@ybl/P","","32","1"
"07/01/2026","850.00","","6307.28 Cr.","","","UPI/DR/458886569972/SHEKMAID/KVBL/shekmaidheen969/","","32","1"
"07/01/2026","2100.00","","4207.28 Cr.","","","UPI/DR/845625081008/Mr S TAM/IDIB/arsantamiltamil/","","32","1"
"08/01/2026","700.00","","3507.28 Cr.","","","UPI/DR/567452360086/Google/UTIB/playstore@axisb/Ma","","32","1"
"08/01/2026","148.15","","3359.13 Cr.","","","UPI/DR/385710800179/MAKEMYTR/UTIB/makemytriprails/","","32","1"
"08/01/2026","","5664.00","9023.13 Cr.","","","IMPS-IN/600814099604/0000000000/MUTHOOT","","32","1"
"08/01/2026","","1500.00","10523.13 Cr.","","","UPI/CR/342834139384/VISAKA I/PUNB/saravanand771@y/","","32","1"
"08/01/2026","10000.00","","523.13 Cr.","","","UPI/DR/787896987445/UMANATH/KVBL/umanath25031983/P","","32","1"
"10/01/2026","200.00","","323.13 Cr.","","","UPI/DR/523944063975/Mr S TAM/IDIB/arsantamiltamil/","","32","1"
"10/01/2026","","2200.00","2523.13 Cr.","","","UPI/CR/540352144138/VISAKA I/PUNB/saravanand771@y/","","33","1"
"12/01/2026","200.00","","2323.13 Cr.","","","UPI/DR/363586508849/Mr S TAM/IDIB/arsantamiltamil/","","33","1"
"12/01/2026","221.00","","2102.13 Cr.","","","UPI/DR/357367604260/Sangeeth/YESB/paytm.s1ivvh1@p/","","33","1"
"12/01/2026","100.00","","2002.13 Cr.","","","UPI/DR/293123559265/SVR Agen/YESB/paytmqr1oeklfxc/","","33","1"
"12/01/2026","1500.00","","502.13 Cr.","","","UPI/DR/095240179825/SVR Agen/YESB/paytmqr6nqhox@p/","","33","1"
"12/01/2026","","7000.00","7502.13 Cr.","","","UPI/CR/664376264565/VISAKA I/PUNB/saravanand771@y/","","33","1"
"12/01/2026","7000.00","","502.13 Cr.","","","UPI/DR/038646003547/Bank Acc/ICIC/622201510406@IC/","","33","1"
"12/01/2026","300.00","","202.13 Cr.","","","UPI/DR/489014267188/Mr Nagar/IDIB/nagarjunmano4-2/","","33","1"
"12/01/2026","","500.00","702.13 Cr.","","","UPI/CR/152043746162/VISAKA I/PUNB/saravanand771@y/","","33","1"
"12/01/2026","","31800.00","32502.13 Cr.","","","From:XXXX6668:S A DHANDAPANI","","33","1"
"12/01/2026","10000.00","","22502.13 Cr.","","","UPI/DR/693243246143/Mr Manik/IDIB/7639355545@ybl/P","","33","1"
"12/01/2026","18720.00","","3782.13 Cr.","","","UPI/DR/019092101862/PANDIYAN/BKID/pandianj.11@oks/","","33","1"
"12/01/2026","559.00","","3223.13 Cr.","","","UPI/DR/716057720423/ZOMATO L/YESB/zomato-order@pt/","","33","1"
"12/01/2026","1190.00","","2033.13 Cr.","","","UPI/DR/535026483675/BHARATH/IOBA/bharathkabaddi2/1","","33","1"
"13/01/2026","","15000.00","17033.13 Cr.","","","From:XXXX6668:S A DHANDAPANI","","33","1"
"13/01/2026","9500.00","","7533.13 Cr.","","","UPI/DR/813646381285/Mr BOOPA/CIUB/boopathyindra19/","","33","1"
"13/01/2026","500.00","","7033.13 Cr.","","","UPI/DR/750695131343/Mr BOOPA/CIUB/boopathyindra19/","","33","1"
"13/01/2026","5000.00","","2033.13 Cr.","","","UPI/DR/702487385783/Bank Acc/IDIB/405666404@IDIB0/","","33","1"
"13/01/2026","1400.00","","633.13 Cr.","","","UPI/DR/032642161407/SVR Agen/YESB/paytmqr5da7zl@p/","","33","1"
"13/01/2026","","4000.00","4633.13 Cr.","","","From:XXXX6668:S A DHANDAPANI","","33","1"
"13/01/2026","290.00","","4343.13 Cr.","","","UPI/DR/672470090136/Google/UTIB/playstore@axisb/Ma","","33","1"
"13/01/2026","","40000.00","44343.13 Cr.","","","From:XXXX6668:S A DHANDAPANI","","33","1"
"13/01/2026","31000.00","","13343.13 Cr.","","","UPI/DR/171554326835/VISAKA I/PUNB/saravanand771@y/","","33","1"
"13/01/2026","2000.00","","11343.13 Cr.","","","UPI/DR/938754873299/PL SM Sa/YESB/paytm.s16slif@p/","","33","1"
"13/01/2026","745.00","","10598.13 Cr.","","","UPI/DR/356104244533/Manna me/YESB/paytm.s10tf6b@p/","","33","1"
"14/01/2026","1800.00","","8798.13 Cr.","","","UPI/DR/929479206235/Mr S TAM/IDIB/arsantamiltamil/","","33","1"
"14/01/2026","1000.00","","7798.13 Cr.","","","UPI/DR/071117844342/Mr S TAM/IDIB/arsantamiltamil/","","33","1"
"14/01/2026","1421.54","","6376.59 Cr.","","","UPI/DR/964616674188/PhonePe/YESB/SV2512112238344/P","","33","1"
"14/01/2026","200.00","","6176.59 Cr.","","","UPI/DR/846166682566/Mr S TAM/IDIB/arsantamiltamil/","","33","1"
"14/01/2026","3000.00","","3176.59 Cr.","","","UPI/DR/684931983622/Bank Acc/SIBL/038805300001481/","","33","1"
"14/01/2026","","5700.00","8876.59 Cr.","","","UPI/CR/607850592348/VISAKA I/PUNB/saravanand771@i/","","33","1"
"14/01/2026","4740.00","","4136.59 Cr.","","","UPI/DR/892727450555/Pathanja/UTIB/9626082537@okbi/","","33","1"
"14/01/2026","727.45","","3409.14 Cr.","","","UPI/DR/576613887950/ZOMATO/HDFC/payzomato@hdfcb/Pa","","33","1"
"14/01/2026","","727.45","4136.59 Cr.","","","UPI/CR/102466900444/ZOMATO/HDFC/payzomato@hdfcb/Or","","33","1"
"14/01/2026","739.00","","3397.59 Cr.","","","UPI/DR/629725753948/ETERNAL/AIRP/zomatoonlineord/Z","","33","1"
"15/01/2026","700.00","","2697.59 Cr.","","","UPI/DR/968702770156/Google/UTIB/playstore@axisb/Ma","","33","1"
"15/01/2026","1300.00","","1397.59 Cr.","","","UPI/DR/624457709286/PARASHY/YESB/paytm.s1fsqlz@p/P","","33","1"
"15/01/2026","597.00","","800.59 Cr.","","","UPI/DR/050335711314/PARASHY/YESB/paytm.s1fsqlz@p/P","","33","1"
"16/01/2026","180.00","","620.59 Cr.","","","UPI/DR/989042316962/Mrs Boop/YESB/Q903358737@ybl/P","","33","1"
"16/01/2026","502.00","","118.59 Cr.","","","UPI/DR/800567573321/SREE BAA/YESB/Q748627074@ybl/P","","33","1"
"16/01/2026","","5000.00","5118.59 Cr.","","","UPI/CR/442750774408/VISAKA I/PUNB/saravanand771@y/","","33","1"
"16/01/2026","300.00","","4818.59 Cr.","","","UPI/DR/203003920668/Bank Acc/CBIN/1667851264@CBIN/","","33","1"
"16/01/2026","1710.00","","3108.59 Cr.","","","UPI/DR/064515624986/ASWINI M/YESB/paytmqr6ebamk@p/","","33","1"
"17/01/2026","2200.00","","908.59 Cr.","","","UPI/DR/151132711699/Mr. SETH/IDIB/senthilmalar767/","","33","1"
"17/01/2026","503.00","","405.59 Cr.","","","UPI/DR/765497422127/PhonePe/YESB/SV2512112258548/P","","33","1"
"17/01/2026","","2500.00","2905.59 Cr.","","","UPI/CR/109687074219/VISAKA I/PUNB/saravanand771@y/","","33","1"
"17/01/2026","1458.00","","1447.59 Cr.","","","UPI/DR/493645626748/MODDYS R/YESB/paytm.d13990354/","","33","1"
"17/01/2026","","1100.00","2547.59 Cr.","","","UPI/CR/814509228309/VISAKA I/PUNB/saravanand771@y/","","33","1"
"17/01/2026","1100.00","","1447.59 Cr.","","","POS 601719450524 EK PLAZA","","33","1"
"17/01/2026","","3500.00","4947.59 Cr.","","","UPI/CR/866499241535/VISAKA I/PUNB/saravanand771@y/","","33","1"
"17/01/2026","4048.00","","899.59 Cr.","","","UPI/DR/978155362455/esteji h/SBIN/estejihotel.614/","","33","1"
"18/01/2026","486.00","","413.59 Cr.","","","UPI/DR/083647822419/Amazon P/UTIB/amznlpa-e6iga9c/","","33","1"
"18/01/2026","","4000.00","4413.59 Cr.","","","UPI/CR/573088140072/VISAKA I/PUNB/saravanand771@y/","","34","1"
"18/01/2026","3830.00","","583.59 Cr.","","","UPI/DR/170392542386/GANESAN/YESB/Q569168691@ybl/Pa","","34","1"
"19/01/2026","310.00","","273.59 Cr.","","","UPI/DR/931862261631/Google A/UTIB/playstoregames1/","","34","1"
"19/01/2026","","1000.00","1273.59 Cr.","","","UPI/CR/696771354317/VISAKA I/PUNB/saravanand771@y/","","34","1"
"19/01/2026","838.75","","434.84 Cr.","","","UPI/DR/604002010929/ZOMATO L/HDFC/zomatofd.payu@h/","","34","1"
"20/01/2026","","4425.00","4859.84 Cr.","","","IMPS-IN/602097140343/0000000000/MUTHOOTF","","34","1"
"20/01/2026","2000.00","","2859.84 Cr.","","","UPI/DR/708042597649/PL SM Sa/YESB/paytm.s16slif@p/","","34","1"
"20/01/2026","1130.00","","1729.84 Cr.","","","UPI/DR/414531721950/PL SM Sa/YESB/paytm.s16slif@p/","","34","1"
"20/01/2026","234.82","","1495.02 Cr.","","","UPI/DR/513920663835/MYJIO/HDFC/myjio.easebuzz@/Pay","","34","1"
"20/01/2026","480.00","","1015.02 Cr.","","","UPI/DR/018699095393/SAMINATH/CNRB/samimraja1968@o/","","34","1"
"20/01/2026","290.00","","725.02 Cr.","","","UPI/DR/103832860206/Google/UTIB/playstore@axisb/Ma","","34","1"
"20/01/2026","500.00","","225.02 Cr.","","","UPI/DR/924563860374/Google A/UTIB/playstoregames1/","","34","1"
"21/01/2026","","40000.00","40225.02 Cr.","","","From:XXXX6668:S A DHANDAPANI","","34","1"
"21/01/2026","6500.00","","33725.02 Cr.","","","D16724422CR TO440300NG00001252 : TO:SAR:D16724422CR TO440300NG00001252","","34","1"
"21/01/2026","12000.00","","21725.02 Cr.","","","UPI/DR/936585897860/SHANTHI/IOBA/9842477181-2@yb/P","","34","1"
"21/01/2026","3850.00","","17875.02 Cr.","","","UPI/DR/322952575361/REDBEE C/KVBL/karthik.feb18@o/","","34","1"
"21/01/2026","6600.00","","11275.02 Cr.","","","UPI/DR/311828781822/VISAKA I/PUNB/saravanand771@y/","","34","1"
"21/01/2026","","10000.00","21275.02 Cr.","","","From:XXXX9601:VISAKA INDANE NDNE RETAILER","","34","1"
"21/01/2026","9000.00","","12275.02 Cr.","","","UPI/DR/489664343434/NEW LOOK/HDFC/newlooktailorsa/","","34","1"
"21/01/2026","631.00","","11644.02 Cr.","","","UPI/DR/830376733075/NEELAKAN/CNRB/nkandan047@okhd/","","34","1"
"21/01/2026","","1900.00","13544.02 Cr.","","","UPI/CR/534261843463/VISAKA I/PUNB/saravanand771@y/","","34","1"
"21/01/2026","12000.00","","1544.02 Cr.","","","UPI/DR/498892936021/G RAMESH/IOBA/rameshdschits24/","","34","1"
"21/01/2026","244.73","","1299.29 Cr.","","","UPI/DR/717244531316/Smart Ti/JIOP/2306665910473-0/","","34","1"
"22/01/2026","200.00","","1099.29 Cr.","","","UPI/DR/705067110802/Mr S TAM/IDIB/arsantamiltamil/","","34","1"
"22/01/2026","","30000.00","31099.29 Cr.","","","From:XXXX6668:S A DHANDAPANI","","34","1"
"22/01/2026","30000.00","","1099.29 Cr.","","","UPI/DR/952473461836/VIJAYA V/ICIC/venkatesh13767@/","","34","1"
"22/01/2026","700.00","","399.29 Cr.","","","UPI/DR/388909680226/Google/UTIB/playstore@axisb/Ma","","34","1"
"22/01/2026","","1300.00","1699.29 Cr.","","","UPI/CR/535394100969/VISAKA I/PUNB/saravanand771@y/","","34","1"
"22/01/2026","1213.00","","486.29 Cr.","","","UPI/DR/804049949421/ZOMATO/HDFC/payzomato@hdfcb/Pa","","34","1"
"22/01/2026","","10000.00","10486.29 Cr.","","","From:XXXX6668:S A DHANDAPANI","","34","1"
"22/01/2026","10000.00","","486.29 Cr.","","","UPI/DR/372523773704/VINOTHKU/IOBA/vinothkumar6809/","","34","1"
"22/01/2026","20.00","","466.29 Cr.","","","UPI/DR/032103154860/The New/YESB/paytmqr6abrds@p/P","","34","1"
"23/01/2026","","10130.00","10596.29 Cr.","","","UPI/CR/460756263282/VISAKA I/PUNB/saravanand771@y/","","34","1"
"23/01/2026","10132.00","","464.29 Cr.","","","UPI/DR/294362282052/Mr Manik/IDIB/7639355545@ybl/P","","34","1"
"24/01/2026","","17850.00","18314.29 Cr.","","","From:XXXX6668:S A DHANDAPANI","","34","1"
"24/01/2026","15840.00","","2474.29 Cr.","","","UPI/DR/705134295263/Bank Acc/IDIB/6288524262@IDIB/","","34","1"
"24/01/2026","200.00","","2274.29 Cr.","","","UPI/DR/617186417417/JEGANATH/YESB/Q214944131@ybl/P","","34","1"
"24/01/2026","","7000.00","9274.29 Cr.","","","From:XXXX6668:S A DHANDAPANI","","34","1"
"24/01/2026","2573.00","","6701.29 Cr.","","","UPI/DR/166122968817/VEGGIES/YESB/paytm.s1kwq4m@p/P","","34","1"
"25/01/2026","195.00","","6506.29 Cr.","","","UPI/DR/902823691646/Swiggy/ICIC/swiggystores@ic/Pa","","34","1"
"25/01/2026","4000.00","","2506.29 Cr.","","","UPI/DR/528764087632/Mr S TAM/IDIB/arsantamiltamil/","","34","1"
"25/01/2026","2000.00","","506.29 Cr.","","","UPI/DR/125347360540/SAMINATH/CNRB/samimraja1968@o/","","34","1"
"25/01/2026","","16500.00","17006.29 Cr.","","","From:XXXX6668:S A DHANDAPANI","","34","1"
"25/01/2026","10000.00","","7006.29 Cr.","","","UPI/DR/394430051187/RAMYA M/CNRB/mageshasm10@oki/P","","34","1"
"25/01/2026","1000.00","","6006.29 Cr.","","","UPI/DR/111286281593/Bank Acc/SIBL/038805300001481/","","34","1"
"25/01/2026","4100.00","","1906.29 Cr.","","","UPI/DR/905065421022/Bank Acc/CBIN/1453824899@CBIN/","","34","1"
"25/01/2026","400.00","","1506.29 Cr.","","","UPI/DR/891036915082/RADHA TE/CNRB/313911792281252/","","34","1"
"26/01/2026","200.00","","1306.29 Cr.","","","UPI/DR/550641786411/Mr S TAM/IDIB/arsantamiltamil/","","34","1"
"26/01/2026","500.00","","806.29 Cr.","","","UPI/DR/154339976163/Mr BOOPA/CIUB/boopathyindra19/","","34","1"
"26/01/2026","","10000.00","10806.29 Cr.","","","From:XXXX6668:S A DHANDAPANI","","34","1"
"26/01/2026","2050.00","","8756.29 Cr.","","","UPI/DR/011457240917/Mr SETHI/IDIB/senthilmalar767/","","35","1"
"26/01/2026","7000.00","","1756.29 Cr.","","","UPI/DR/953499912389/Bank Acc/SIBL/038805300001481/","","35","1"
"26/01/2026","310.00","","1446.29 Cr.","","","UPI/DR/570972497667/Google A/UTIB/playstoregames1/","","35","1"
"26/01/2026","639.00","","807.29 Cr.","","","UPI/DR/527187101993/ZOMATO L/YESB/zomato-order@pt/","","35","1"
"26/01/2026","","400.00","1207.29 Cr.","","","UPI/CR/659055184878/VISAKA I/PUNB/saravanand771@i/","","35","1"
"26/01/2026","1190.00","","17.29 Cr.","","","UPI/DR/826835455452/MALIKA/SBIN/chefinabox5-1@o/Pa","","35","1"
"27/01/2026","","17000.00","17017.29 Cr.","","","From:XXXX6668:S A DHANDAPANI","","35","1"
"27/01/2026","2000.00","","15017.29 Cr.","","","UPI/DR/506098024985/ARK FUEL/YESB/paytm-46042661@/","","35","1"
"27/01/2026","3000.00","","12017.29 Cr.","","","UPI/DR/672231285655/Bank Acc/PUNB/060300010112639/","","35","1"
"27/01/2026","10000.00","","2017.29 Cr.","","","UPI/DR/268993660958/ARUTSELV/SBIN/arutselvansunda/","","35","1"
"27/01/2026","1500.00","","517.29 Cr.","","","UPI/DR/359111360472/BASKARAN/CNRB/baskar500600@ok/","","35","1"
"27/01/2026","12.00","","505.29 Cr.","","","UPI/DR/481047700126/ASWINI M/YESB/paytmqr6ebamk@p/","","35","1"
"27/01/2026","","7500.00","8005.29 Cr.","","","From:XXXX6668:S A DHANDAPANI","","35","1"
"27/01/2026","1400.00","","6605.29 Cr.","","","UPI/DR/931376208067/Mr Raham/IDIB/rahamathulla000/","","35","1"
"27/01/2026","470.00","","6135.29 Cr.","","","UPI/DR/073933893115/Alagiris/YESB/paytm.s14j0v2@p/","","35","1"
"27/01/2026","500.00","","5635.29 Cr.","","","UPI/DR/933442534204/Google A/UTIB/playstoregames1/","","35","1"
"28/01/2026","290.00","","5345.29 Cr.","","","UPI/DR/479627160286/Google/UTIB/playstore@axisb/Ma","","35","1"
"28/01/2026","500.00","","4845.29 Cr.","","","UPI/DR/983995071839/Mr S TAM/IDIB/arsantamiltamil/","","35","1"
"28/01/2026","1800.00","","3045.29 Cr.","","","UPI/DR/249030087092/Mr Murug/IDIB/mruganmani05-1@/","","35","1"
"28/01/2026","220.00","","2825.29 Cr.","","","UPI/DR/518054259884/Sangeeth/YESB/paytm.s1ivvh1@p/","","35","1"
"28/01/2026","895.00","","1930.29 Cr.","","","UPI/DR/564505705295/Mr Nagar/IDIB/nagarjunmano4-2/","","35","1"
"28/01/2026","300.00","","1630.29 Cr.","","","UPI/DR/726133605252/Mr BOOPA/CIUB/boopathyindra19/","","35","1"
"28/01/2026","300.00","","1330.29 Cr.","","","UPI/DR/460756818171/SAMINATH/CNRB/samimraja1968@o/","","35","1"
"28/01/2026","1010.00","","320.29 Cr.","","","UPI/DR/721989061018/SIVAKUMA/BARB/9952395887-2@yb/","","35","1"
"28/01/2026","","10000.00","10320.29 Cr.","","","From:XXXX6668:S A DHANDAPANI","","35","1"
"28/01/2026","6300.00","","4020.29 Cr.","","","UPI/DR/447728907805/Mr S TAM/IDIB/arsantamiltamil/","","35","1"
"28/01/2026","","1910.00","5930.29 Cr.","","","UPI/CR/699159674940/VISAKA I/PUNB/saravanand771@y/","","35","1"
"28/01/2026","4100.00","","1830.29 Cr.","","","UPI/DR/600602518838/Bank Acc/CBIN/1453824899@CBIN/","","35","1"
"28/01/2026","365.00","","1465.29 Cr.","","","UPI/DR/571258987308/ZOMATO L/YESB/zomato-order@pt/","","35","1"
"28/01/2026","146.00","","1319.29 Cr.","","","UPI/DR/603462165964/LENSKART/YESB/LENSKARTOFFLINE/","","35","1"
"28/01/2026","","5000.00","6319.29 Cr.","","","From:XXXX6668:S A DHANDAPANI","","35","1"
"28/01/2026","4374.00","","1945.29 Cr.","","","UPI/DR/823230495358/LENSKART/UTIB/LENSKARTOFFLINE/","","35","1"
"29/01/2026","700.00","","1245.29 Cr.","","","UPI/DR/719673000296/Google/UTIB/playstore@axisb/Ma","","35","1"
"29/01/2026","","40000.00","41245.29 Cr.","","","From:XXXX6668:S A DHANDAPANI","","35","1"
"29/01/2026","8200.00","","33045.29 Cr.","","","UPI/DR/243712040488/Bank Acc/CNRB/110275297767@CN/","","35","1"
"29/01/2026","14075.00","","18970.29 Cr.","","","UPI/DR/033331064174/Bank Acc/SBIN/30276509543@SBI/","","35","1"
"29/01/2026","2824.92","","16145.37 Cr.","","","UPI/DR/564712636993/MYJIO/HDFC/myjio.easebuzz@/Pay","","35","1"
"29/01/2026","5000.00","","11145.37 Cr.","","","UPI/DR/424917724753/Mr S TAM/IDIB/arsantamiltamil/","","35","1"
"29/01/2026","211.00","","10934.37 Cr.","","","UPI/DR/212353259354/Mr KARUN/YESB/Q891905747@ybl/P","","35","1"
"29/01/2026","600.00","","10334.37 Cr.","","","UPI/DR/275845789795/HOLOGRAP/ICIC/9843108014@okbi/","","35","1"
"29/01/2026","1003.00","","9331.37 Cr.","","","UPI/DR/523390691558/PhonePe/YESB/SV2512112258548/P","","35","1"
"29/01/2026","350.00","","8981.37 Cr.","","","UPI/DR/101003824124/SIVAKUMA/BARB/9952395887-2@yb/","","35","1"
"29/01/2026","1750.00","","7231.37 Cr.","","","UPI/DR/828864721125/BASKARAN/CNRB/baskar500600@ok/","","35","1"
"29/01/2026","3100.00","","4131.37 Cr.","","","UPI/DR/576703235520/Mr S TAM/IDIB/arsantamiltamil/","","35","1"
"29/01/2026","2310.00","","1821.37 Cr.","","","UPI/DR/272993197547/PhonePe/YESB/SV2512112238344/P","","35","1"
"29/01/2026","634.00","","1187.37 Cr.","","","UPI/DR/173133938731/Jio Rech/YESB/JIOINAPPDIRECT@/","","35","1"
"29/01/2026","819.00","","368.37 Cr.","","","UPI/DR/802063937639/ZOMATO/HDFC/payzomato@hdfcb/Pa","","35","1"
"29/01/2026","","1750.00","2118.37 Cr.","","","UPI/CR/425991677667/VISAKA I/PUNB/saravanand771@y/","","35","1"
"29/01/2026","1435.01","","683.36 Cr.","","","UPI/DR/899639193403/TN Trich/YESB/paytm-82230286@/","","35","1"
"29/01/2026","281.00","","402.36 Cr.","","","UPI/DR/214097963512/TN Trich/YESB/paytm-82230286@/","","36","1"
"30/01/2026","","44000.00","44402.36 Cr.","","","From:XXXX6668:S A DHANDAPANI","","36","1"
"30/01/2026","39700.00","","4702.36 Cr.","","","UPI/DR/800503756027/Bank Acc/CNRB/4070201000274@C/","","36","1"
"30/01/2026","","10000.00","14702.36 Cr.","","","From:XXXX6668:S A DHANDAPANI","","36","1"
"30/01/2026","10000.00","","4702.36 Cr.","","","UPI/DR/866054180952/PANDIYAN/BKID/pandianj.11@oks/","","36","1"
"30/01/2026","100.00","","4602.36 Cr.","","","UPI/DR/631887620366/Sri Nall/UTIB/gpay-1117631793/","","36","1"
"30/01/2026","30.00","","4572.36 Cr.","","","UPI/DR/133453750276/ZOMATO L/YESB/zomato-order@pt/","","36","1"
"30/01/2026","500.00","","4072.36 Cr.","","","UPI/DR/314621970195/Google A/UTIB/playstoregames1/","","36","1"
"30/01/2026","500.00","","3572.36 Cr.","","","UPI/DR/815485371202/Google A/UTIB/playstoregames1/","","36","1"
"30/01/2026","210.00","","3362.36 Cr.","","","UPI/DR/643365890400/JEGANATH/YESB/Q214944131@ybl/P","","36","1"
"30/01/2026","1400.00","","1962.36 Cr.","","","UPI/DR/056212599603/PRITHI U/YESB/paytmqrwsolr48q/","","36","1"
"30/01/2026","1000.00","","962.36 Cr.","","","UPI/DR/810299445526/Bank Acc/SIBL/038805300001481/","","36","1"
"31/01/2026","","22000.00","22962.36 Cr.","","","From:XXXX6668:S A DHANDAPANI","","36","1"
"31/01/2026","10000.00","","12962.36 Cr.","","","UPI/DR/057976226821/SOUNDARR/SBIN/muthusoundar82@/","","36","1"
"31/01/2026","2000.00","","10962.36 Cr.","","","UPI/DR/131254682629/SOUNDARR/SBIN/muthusoundar82@/","","36","1"
"31/01/2026","","2500.00","13462.36 Cr.","","","UPI/CR/128285821981/VISAKA I/PUNB/saravanand771@y/","","36","1"
"31/01/2026","12000.00","","1462.36 Cr.","","","UPI/DR/298249319144/JAYAPRAK/KVBL/jayaprakash2044/","","36","1"
"31/01/2026","","1500.00","2962.36 Cr.","","","UPI/CR/055068817604/VISAKA I/PUNB/saravanand771@y/","","36","1"
"31/01/2026","2163.85","","798.51 Cr.","","","UPI/DR/457419321754/ZOMATO/HDFC/payzomato@hdfcb/Pa","","36","1"
"02/02/2026","148.15","","650.36 Cr.","","","UPI/DR/836072103342/MAKEMYTR/HDFC/makemytrip.rail/","","36","1"
"02/02/2026","","10000.00","10650.36 Cr.","","","From:XXXX6668:S A DHANDAPANI","","36","1"
"02/02/2026","10000.00","","650.36 Cr.","","","UPI/DR/348559676651/PANDIYAN/BKID/pandianj.11@oks/","","36","1"
"02/02/2026","400.00","","250.36 Cr.","","","UPI/DR/922668574170/Mr BOOPA/CIUB/boopathyindra19/","","36","1"
"02/02/2026","","500.00","750.36 Cr.","","","UPI/CR/085063744993/VISAKA I/PUNB/saravanand771@y/","","36","1"
"02/02/2026","219.20","","531.16 Cr.","","","UPI/DR/778240067971/IBACO TN/HDFC/ibacotntpjcanto/","","36","1"
"02/02/2026","325.00","","206.16 Cr.","","","UPI/DR/183035161146/Mr Nagar/IDIB/nagarjunmano4-2/","","36","1"
"03/02/2026","200.00","","6.16 Cr.","","","UPI/DR/831034226881/Mr S TAM/IDIB/arsantamiltamil/","","36","1"
"03/02/2026","","1200.00","1206.16 Cr.","","","UPI/CR/150331804877/VISAKA I/PUNB/saravanand771@y/","","36","1"
"03/02/2026","1200.00","","6.16 Cr.","","","UPI/DR/481325028264/Mr NAREN/MAHB/narenkraj1@ybl/f","","36","1"
"03/02/2026","","500.00","506.16 Cr.","","","UPI/CR/513930023315/VISAKA I/PUNB/saravanand771@i/","","36","1"
"03/02/2026","210.00","","296.16 Cr.","","","UPI/DR/723823218443/VALLIYAM/YESB/Q931126176@ybl/P","","36","1"
"03/02/2026","290.00","","6.16 Cr.","","","UPI/DR/886752990346/Google/UTIB/playstore@axisb/Ma","","36","1"
"03/02/2026","","5000.00","5006.16 Cr.","","","From:XXXX6668:S A DHANDAPANI","","36","1"
"03/02/2026","2018.00","","2988.16 Cr.","","","UPI/DR/992617118565/HOTEL KA/HDFC/Vyapar.17357600/","","36","1"
"03/02/2026","2500.00","","488.16 Cr.","","","UPI/DR/216899581448/Mr S TAM/IDIB/arsantamiltamil/","","36","1"
"03/02/2026","299.00","","189.16 Cr.","","","UPI/DR/603412311930/JioHotst/YESB/HOTSTARONLINE@y/","","36","1"
"04/02/2026","","515.00","704.16 Cr.","","","UPI/CR/238523130042/VISAKA I/PUNB/saravanand771@y/","","36","1"
"04/02/2026","579.00","","125.16 Cr.","","","UPI/DR/188067633014/MYJIO/HDFC/myjio.easebuzz@/Pay","","36","1"
"04/02/2026","","45000.00","45125.16 Cr.","","","From:XXXX6668:S A DHANDAPANI","","36","1"
"04/02/2026","15080.00","","30045.16 Cr.","","","UPI/DR/625126180410/Bank Acc/IDFB/10180341176@IDF/","","36","1"
"04/02/2026","6120.00","","23925.16 Cr.","","","UPI/DR/811716993381/Bank Acc/ICIC/000101537113@IC/","","36","1"
"04/02/2026","5500.00","","18425.16 Cr.","","","UPI/DR/970341222880/PANDIYAN/BKID/pandianj.11@oks/","","36","1"
"04/02/2026","14500.00","","3925.16 Cr.","","","UPI/DR/692463776899/Bank Acc/BARB/45140100003470@/","","36","1"
"04/02/2026","1400.00","","2525.16 Cr.","","","UPI/DR/784728533323/SVR Agen/YESB/paytmqr5da7zl@p/","","36","1"
"04/02/2026","235.00","","2290.16 Cr.","","","UPI/DR/746185095182/SHAKILA/CNRB/asiyaasif1969-1/P","","36","1"
"04/02/2026","315.00","","1975.16 Cr.","","","UPI/DR/807104328603/Mrs Subh/IDIB/subhajoshkathns/","","36","1"
"04/02/2026","","32000.00","33975.16 Cr.","","","From:XXXX6668:S A DHANDAPANI","","36","1"
"04/02/2026","10000.00","","23975.16 Cr.","","","UPI/DR/563676803445/BALASUBR/SBIN/balasubramani49/","","36","1"
"04/02/2026","10000.00","","13975.16 Cr.","","","UPI/DR/059097095504/V RUDHRA/HDFC/kvrraj01@ybl/Pay","","36","1"
"04/02/2026","12000.00","","1975.16 Cr.","","","UPI/DR/156372384927/JAYAPRAK/KVBL/jayaprakash2044/","","36","1"
"04/02/2026","1750.00","","225.16 Cr.","","","UPI/DR/445532883242/Mr SETHI/IDIB/senthilmalar767/","","36","1"
"04/02/2026","182.79","","42.37 Cr.","","","UPI/DR/649290624482/Smart Ti/JIOP/2306665910473-0/","","37","1"
"05/02/2026","","1500.00","1542.37 Cr.","","","UPI/CR/171617612127/VISAKA I/PUNB/saravanand771@y/","","37","1"
"05/02/2026","246.00","","1296.37 Cr.","","","UPI/DR/257526610547/KABILAN/CNRB/duraimathikabil/P","","37","1"
"05/02/2026","356.00","","940.37 Cr.","","","UPI/DR/175441706541/ZOMATO L/YESB/zomato-order@pt/","","37","1"
"06/02/2026","700.00","","240.37 Cr.","","","UPI/DR/391364800376/Google/UTIB/playstore@axisb/Ma","","37","1"
"06/02/2026","200.00","","40.37 Cr.","","","UPI/DR/489385435158/Mr SETHI/IDIB/senthilmalar767/","","37","1"
"06/02/2026","","15000.00","15040.37 Cr.","","","From:XXXX6668:S A DHANDAPANI","","37","1"
"06/02/2026","","8500.00","23540.37 Cr.","","","From:XXXX6668:S A DHANDAPANI","","37","1"
"06/02/2026","8000.00","","15540.37 Cr.","","","UPI/DR/479198069079/PANDIYAN/BKID/pandianj.11@oks/","","37","1"
"06/02/2026","6150.00","","9390.37 Cr.","","","UPI/DR/880972352839/MOHAMED/KVBL/mohamedsatharud/P","","37","1"
"06/02/2026","7590.00","","1800.37 Cr.","","","UPI/DR/327295385557/Bank Acc/KVBL/126213500001042/","","37","1"
"06/02/2026","100.00","","1700.37 Cr.","","","UPI/DR/718255717338/Ms Monis/CIUB/shankarsuriya55/","","37","1"
"06/02/2026","160.00","","1540.37 Cr.","","","UPI/DR/940368626119/JESURAJ/KVBL/jesurajrajamich/P","","37","1"
"06/02/2026","500.00","","1040.37 Cr.","","","UPI/DR/912103650215/VISAKA I/PUNB/saravanand771@y/","","37","1"
"07/02/2026","200.00","","840.37 Cr.","","","UPI/DR/666741010343/Mr S TAM/IDIB/arsantamiltamil/","","37","1"
"07/02/2026","","3740.00","4580.37 Cr.","","","UPI/CR/603809488132/Mr S TAM/IDIB/arsantamiltamil/","","37","1"
"07/02/2026","1750.00","","2830.37 Cr.","","","UPI/DR/508531860273/Mr SETHI/IDIB/senthilmalar767/","","37","1"
"07/02/2026","450.00","","2380.37 Cr.","","","UPI/DR/322383494695/SHINE CO/IOBA/9791302929@upi/P","","37","1"
"07/02/2026","","3740.00","6120.37 Cr.","","","UPI/CR/640411125131/Mr S TAM/IDIB/arsantamiltamil/","","37","1"
"07/02/2026","350.00","","5770.37 Cr.","","","UPI/DR/058002143894/SAMINATH/CNRB/samimraja1968@o/","","37","1"
"07/02/2026","1825.00","","3945.37 Cr.","","","UPI/DR/860304927713/UDAYAKUM/IOBA/udayakumaru02@o/","","37","1"
"07/02/2026","2750.00","","1195.37 Cr.","","","UPI/DR/216174240667/Bank Acc/SIBL/038805300001481/","","37","1"
"08/02/2026","","46200.00","47395.37 Cr.","","","From:XXXX6668:S A DHANDAPANI","","37","1"
"08/02/2026","10000.00","","37395.37 Cr.","","","UPI/DR/028172232829/PANDIYAN/BKID/pandianj.11@oks/","","37","1"
"08/02/2026","10000.00","","27395.37 Cr.","","","UPI/DR/960908116736/MANOHARA/ICIC/manomunusamy39@/","","37","1"
"08/02/2026","25200.00","","2195.37 Cr.","","","UPI/DR/356262366310/Bank Acc/SBIN/30415770512@SBI/","","37","1"
"08/02/2026","210.30","","1985.07 Cr.","","","MAB CHRG ACCOUNT-7533 2026-01-01 TO 2026-01-31","","37","1"
"08/02/2026","500.00","","1485.07 Cr.","","","UPI/DR/726043653046/Google A/UTIB/playstoregames1/","","37","1"
"08/02/2026","608.00","","877.07 Cr.","","","UPI/DR/093126909235/ZOMATO L/YESB/zomato-order@pt/","","37","1"
"08/02/2026","230.00","","647.07 Cr.","","","UPI/DR/202264959029/N GANESH/YESB/Q708295513@ybl/P","","37","1"
"08/02/2026","","2600.00","3247.07 Cr.","","","UPI/CR/661546994781/VISAKA I/PUNB/saravanand771@y/","","37","1"
"08/02/2026","1870.00","","1377.07 Cr.","","","UPI/DR/328501553809/M SENTHI/ICIC/senthilakashsk./","","37","1"
"09/02/2026","600.00","","777.07 Cr.","","","UPI/DR/496903871426/REGIONAL/IDIB/rglsi@indianbk/P","","37","1"
"09/02/2026","650.00","","127.07 Cr.","","","UPI/DR/256093500868/VISAKA I/PUNB/saravanand771@y/","","37","1"
"09/02/2026","","1000.00","1127.07 Cr.","","","UPI/CR/716773361625/VISAKA I/PUNB/saravanand771@y/","","37","1"
"09/02/2026","685.00","","442.07 Cr.","","","UPI/DR/176950917407/B.G.NAID/YESB/paytm.d10589694/","","37","1"
"09/02/2026","","1200.00","1642.07 Cr.","","","IMPS-IN/604020951988/8778665077/SARAVANA","","37","1"
"10/02/2026","200.00","","1442.07 Cr.","","","UPI/DR/669650763001/Mr S Tam/IDIB/arsantamiltamil/","","37","1"
"10/02/2026","332.00","","1110.07 Cr.","","","UPI/DR/410360595422/MEDPLUS/HDFC/medplustrichygo/P","","37","1"
"10/02/2026","220.00","","890.07 Cr.","","","UPI/DR/675683101846/Sri Nall/UTIB/gpay-1117631793/","","37","1"
"10/02/2026","613.00","","277.07 Cr.","","","UPI/DR/143700367900/ZOMATO/HDFC/payzomato@hdfcb/Pa","","37","1"
"10/02/2026","","50000.00","50277.07 Cr.","","","Cash Deposit At : TRICHY MAIN","","37","1"
"10/02/2026","10000.00","","40277.07 Cr.","","","UPI/DR/548502175452/JAYAPRAK/KVBL/jayaprakash2044/","","37","1"
"10/02/2026","10000.00","","30277.07 Cr.","","","UPI/DR/650757842172/SURESH B/KVBL/sureshbabu.sbv-/","","37","1"
"10/02/2026","10000.00","","20277.07 Cr.","","","UPI/DR/257837339882/SATHISHK/SBIN/sathishcps1977-/","","37","1"
"10/02/2026","290.00","","19987.07 Cr.","","","UPI/DR/383819360416/Google/UTIB/playstore@axisb/Ma","","37","1"
"10/02/2026","1500.00","","18487.07 Cr.","","","UPI/DR/585822599485/VISAKA I/PUNB/saravanand771@y/","","37","1"
"10/02/2026","10000.00","","8487.07 Cr.","","","UPI/DR/079376258878/K DHAKS/KKBK/mr.k.dhakshinam/","","37","1"
"10/02/2026","","561.00","9048.07 Cr.","","","From:XXXX9601:VISAKA INDANE NDNE RETAILER","","37","1"
"10/02/2026","8500.00","","548.07 Cr.","","","UPI/DR/171634731237/VISAKA I/PUNB/saravanand771@y/","","37","1"
"10/02/2026","500.00","","48.07 Cr.","","","UPI/DR/515073329241/Google A/UTIB/playstoregames1/","","37","1"
"11/02/2026","20.00","","28.07 Cr.","","","UPI/DR/747237748838/JEGANATH/YESB/Q214944131@ybl/P","","38","1"
"11/02/2026","","12000.00","12028.07 Cr.","","","UPI/CR/211762556411/VISAKA I/PUNB/saravanand771@y/","","38","1"
"11/02/2026","11525.00","","503.07 Cr.","","","UPI/DR/719258876606/K DHAKS/KKBK/mr.k.dhakshinam/","","38","1"
"11/02/2026","310.00","","193.07 Cr.","","","UPI/DR/751594212156/Google A/UTIB/playstoregames1/","","38","1"
"12/02/2026","","500.00","693.07 Cr.","","","UPI/CR/601250018533/VISAKA I/PUNB/saravanand771@y/","","38","1"
"12/02/2026","232.00","","461.07 Cr.","","","UPI/DR/588279454619/SOMASUND/YESB/Q326274995@ybl/P","","38","1"
"12/02/2026","290.00","","171.07 Cr.","","","UPI/DR/804239885958/HOTEL AJ/HDFC/Vyapar.17198636/","","38","1"
"12/02/2026","20.00","","151.07 Cr.","","","UPI/DR/916294401618/VASUDEVA/ICIC/9659377481@ibl/P","","38","1"
"12/02/2026","","21000.00","21151.07 Cr.","","","From:XXXX6668:S A DHANDAPANI","","38","1"
"12/02/2026","5000.00","","16151.07 Cr.","","","UPI/DR/776695956791/PANDIYAN/BKID/pandianj.11@oks/","","38","1"
"12/02/2026","1880.00","","14271.07 Cr.","","","UPI/DR/864609998326/RAMYA M/CNRB/mageshasm10@oki/P","","38","1"
"12/02/2026","1400.00","","12871.07 Cr.","","","UPI/DR/604334857408/Mr AUSTI/IDIB/austinaustin132/","","38","1"
"12/02/2026","700.00","","12171.07 Cr.","","","UPI/DR/756251900436/Google/UTIB/playstore@axisb/Ma","","38","1"
"12/02/2026","1727.00","","10444.07 Cr.","","","UPI/DR/555659933704/ASWINI M/YESB/paytmqr6ebamk@p/","","38","1"
"12/02/2026","8500.00","","1944.07 Cr.","","","UPI/DR/385352267248/K BALASU/BARB/kandasamybalasu/","","38","1"
"12/02/2026","","10000.00","11944.07 Cr.","","","UPI/CR/640999585732/NAINA S/IOBA/gunajayapal346-/U","","38","1"
"12/02/2026","2276.00","","9668.07 Cr.","","","UPI/DR/455411543636/Abid s R/HDFC/pinelabs.STQ426/","","38","1"
"13/02/2026","6500.00","","3168.07 Cr.","","","D16724422CR TO440300NG00001252 : TO:SAR:D16724422CR TO440300NG00001252","","38","1"
"13/02/2026","200.00","","2968.07 Cr.","","","UPI/DR/296366478635/Mr S Tam/IDIB/arsantamiltamil/","","38","1"
"13/02/2026","220.00","","2748.07 Cr.","","","UPI/DR/680125651521/VALLIYAM/YESB/Q931126176@ybl/P","","38","1"
"13/02/2026","500.00","","2248.07 Cr.","","","UPI/DR/351940747009/Mr THIR/UTIB/9894340208-2@ok/","","38","1"
"13/02/2026","100.00","","2148.07 Cr.","","","UPI/DR/453484224130/Mr Anbum/IDIB/anbuvel710-1@ok/","","38","1"
"13/02/2026","500.00","","1648.07 Cr.","","","UPI/DR/563434941008/VISAKA I/PUNB/saravanand771@y/","","38","1"
"13/02/2026","100.00","","1548.07 Cr.","","","UPI/DR/805638844477/SIVAKUMA/BARB/9952395887-2@yb/","","38","1"
"13/02/2026","1000.00","","548.07 Cr.","","","UPI/DR/522545600011/Bank Acc/SIBL/038805300001481/","","38","1"
"13/02/2026","","1500.00","2048.07 Cr.","","","UPI/CR/247523932868/VISAKA I/PUNB/saravanand771@y/","","38","1"
"13/02/2026","1000.00","","1048.07 Cr.","","","UPI/DR/144345655154/VENKATAC/SBIN/venkatachalamc5/","","38","1"
"14/02/2026","500.00","","548.07 Cr.","","","UPI/DR/361597269659/Google A/UTIB/playstoregames1/","","38","1"
"14/02/2026","","3720.00","4268.07 Cr.","","","UPI/CR/641107353147/KAMARAJ/CNRB/kamskd1911-3@ok/U","","38","1"
"15/02/2026","221.00","","4047.07 Cr.","","","UPI/DR/340000983980/SOMASUND/YESB/Q326274995@ybl/P","","38","1"
"15/02/2026","980.28","","3066.79 Cr.","","","UPI/DR/309752328789/BLOOMSBE/INDB/BLOOMSBERRYSERV/","","38","1"
"15/02/2026","2500.00","","566.79 Cr.","","","ATM WDR 604613025311 PON NAGAR BR","","38","1"
"15/02/2026","27.14","","539.65 Cr.","","","ATM WDR 604613025311 PON NAGAR BR","","38","1"
"15/02/2026","","2000.00","2539.65 Cr.","","","UPI/CR/000286977849/VISAKA I/PUNB/saravanand771@y/","","38","1"
"15/02/2026","1000.00","","1539.65 Cr.","","","UPI/DR/480133206849/JEBAMALA/SBIN/rajjebamalai881/","","38","1"
"15/02/2026","","1850.00","3389.65 Cr.","","","UPI/CR/904502643742/VISAKA I/PUNB/saravanand771@y/","","38","1"
"15/02/2026","2525.00","","864.65 Cr.","","","UPI/DR/626902392635/AJFAN DA/ICIC/BHARATPE.910049/","","38","1"
"15/02/2026","433.00","","431.65 Cr.","","","UPI/DR/642793191193/Swiggy L/UTIB/swiggy.stores@a/","","38","1"
"16/02/2026","200.00","","231.65 Cr.","","","UPI/DR/498687046438/Mr S Tam/IDIB/arsantamiltamil/","","38","1"
"16/02/2026","110.00","","121.65 Cr.","","","UPI/DR/668026140520/SOMASUND/YESB/Q326274995@ybl/P","","38","1"
"16/02/2026","","12000.00","12121.65 Cr.","","","From:XXXX6668:S A DHANDAPANI","","38","1"
"16/02/2026","10000.00","","2121.65 Cr.","","","UPI/DR/714776911796/MOHAN S/HDFC/mohansvlr@oksbi/D","","38","1"
"16/02/2026","","2000.00","4121.65 Cr.","","","UPI/CR/200060654910/VISAKA I/PUNB/saravanand771@i/","","38","1"
"16/02/2026","1350.00","","2771.65 Cr.","","","POS 604721644354 M S HOTEL KANNAPPA GRA","","38","1"
"17/02/2026","200.00","","2571.65 Cr.","","","UPI/DR/707795621394/Mr S Tam/IDIB/arsantamiltamil/","","38","1"
"17/02/2026","","31800.00","34371.65 Cr.","","","From:XXXX6668:S A DHANDAPANI","","38","1"
"17/02/2026","10000.00","","24371.65 Cr.","","","UPI/DR/881478485158/V RUDHRA/HDFC/kvrraj01@ibl/Pay","","38","1"
"17/02/2026","10000.00","","14371.65 Cr.","","","UPI/DR/003268899258/JAYAPRAK/KVBL/jayaprakash2044/","","38","1"
"17/02/2026","10000.00","","4371.65 Cr.","","","UPI/DR/964583762257/MANOHARA/ICIC/manomunusamy39@/","","38","1"
"17/02/2026","550.00","","3821.65 Cr.","","","UPI/DR/619051948221/UDAYAKUM/IOBA/udayakumaru02@o/","","39","1"
"17/02/2026","1600.00","","2221.65 Cr.","","","UPI/DR/693832621704/DEEPA VI/YESB/Q491076661@ybl/P","","39","1"
"17/02/2026","290.00","","1931.65 Cr.","","","UPI/DR/760215780486/Google/UTIB/playstore@axisb/Ma","","39","1"
"17/02/2026","100.00","","1831.65 Cr.","","","UPI/DR/060968064890/PL SM Sa/YESB/paytm.s16slif@p/","","39","1"
"17/02/2026","","10000.00","11831.65 Cr.","","","From:XXXX9601:VISAKA INDANE NDNE RETAILER","","39","1"
"17/02/2026","6000.00","","5831.65 Cr.","","","UPI/DR/742781085897/SHANTHI/IOBA/9842477181-2@yb/P","","39","1"
"18/02/2026","500.00","","5331.65 Cr.","","","UPI/DR/419020579031/M SIVAKU/IOBA/sivajeniloshini/","","39","1"
"18/02/2026","258.00","","5073.65 Cr.","","","UPI/DR/869571930354/Swiggy/ICIC/swiggystores@ic/Pa","","39","1"
"18/02/2026","316.00","","4757.65 Cr.","","","UPI/DR/416439727178/Blinkit/YESB/paytm-blinkit@p/B","","39","1"
"18/02/2026","220.00","","4537.65 Cr.","","","UPI/DR/165892753563/SOMASUND/YESB/Q326274995@ybl/P","","39","1"
"18/02/2026","414.82","","4122.83 Cr.","","","UPI/DR/133993289606/PhonePe/YESB/SV2512112238344/P","","39","1"
"18/02/2026","191.63","","3931.20 Cr.","","","UPI/DR/561703016486/PhonePe/YESB/SV2512112238344/P","","39","1"
"18/02/2026","414.82","","3516.38 Cr.","","","UPI/DR/559626257769/PhonePe/YESB/SV2512112238344/P","","39","1"
"18/02/2026","414.82","","3101.56 Cr.","","","UPI/DR/397440395573/PhonePe/YESB/SV2512112238344/P","","39","1"
"18/02/2026","","21000.00","24101.56 Cr.","","","From:XXXX6668:S A DHANDAPANI","","39","1"
"18/02/2026","10000.00","","14101.56 Cr.","","","UPI/DR/213200623108/PANDIYAN/BKID/pandianj.11@oks/","","39","1"
"18/02/2026","10000.00","","4101.56 Cr.","","","UPI/DR/563674028076/VENGATES/CNRB/venkitransport@/","","39","1"
"18/02/2026","1600.00","","2501.56 Cr.","","","UPI/DR/223758048338/PL SM Sa/YESB/paytm.s16slde@p/","","39","1"
"18/02/2026","75.00","","2426.56 Cr.","","","UPI/DR/595908394052/UDAYAKUM/IOBA/udayakumaru02@o/","","39","1"
"18/02/2026","484.00","","1942.56 Cr.","","","UPI/DR/408178114527/Blinkit/YESB/paytm-blinkit@p/B","","39","1"
"18/02/2026","264.00","","1678.56 Cr.","","","UPI/DR/037241198443/Swiggy/ICIC/swiggystores@ic/Pa","","39","1"
"18/02/2026","677.00","","1001.56 Cr.","","","UPI/DR/228564453209/ZOMATO/HDFC/payzomato@hdfcb/Pa","","39","1"
"18/02/2026","312.00","","689.56 Cr.","","","UPI/DR/695394216372/ZOMATO L/YESB/zomato-order@pt/","","39","1"
"19/02/2026","329.04","","360.52 Cr.","","","UPI/DR/186450621191/K7 Compu/INDB/K7computing1.pa/","","39","1"
"19/02/2026","200.00","","160.52 Cr.","","","UPI/DR/802883231216/Mr S Tam/IDIB/arsantamiltamil/","","39","1"
"19/02/2026","40.00","","120.52 Cr.","","","UPI/DR/589294271410/JOHNSON/YESB/paytmqr6p9pw5@p/P","","39","1"
"19/02/2026","","28900.00","29020.52 Cr.","","","From:XXXX6668:S A DHANDAPANI","","39","1"
"19/02/2026","28390.00","","630.52 Cr.","","","UPI/DR/338857503938/SOLOMON/KKBK/8870708707@slc/Pa","","39","1"
"19/02/2026","","3740.00","4370.52 Cr.","","","UPI/CR/605089349358/Mr S TAM/IDIB/arsantamiltamil/","","39","1"
"19/02/2026","3500.00","","870.52 Cr.","","","UPI/DR/284871216881/Bank Acc/SIBL/038805300001481/","","39","1"
"19/02/2026","500.00","","370.52 Cr.","","","UPI/DR/534771777063/VISAKA I/PUNB/saravanand771@y/","","39","1"
"19/02/2026","","1000.00","1370.52 Cr.","","","From:XXXX1151:VISAKA INDANE NDNE RETAILER","","39","1"
"19/02/2026","837.00","","533.52 Cr.","","","UPI/DR/717599769410/ZOMATO L/YESB/zomato-order@pt/","","39","1"
"19/02/2026","","2020.00","2553.52 Cr.","","","UPI/CR/605022370404/KUMAHOR/UBIN/kpreethikasri58/U","","39","1"
"20/02/2026","700.00","","1853.52 Cr.","","","UPI/DR/274248110516/Google/UTIB/playstore@axisb/Ma","","39","1"
"20/02/2026","","900.00","2753.52 Cr.","","","UPI/CR/605164658001/V VISHNU/HDFC/vishnu.varch-1@/","","39","1"
"20/02/2026","500.00","","2253.52 Cr.","","","UPI/DR/894232008934/SVR Agen/YESB/paytmqr5da7zl@p/","","39","1"
"20/02/2026","274.00","","1979.52 Cr.","","","UPI/DR/101767100008/Blinkit/YESB/paytm-blinkit@p/B","","39","1"
"20/02/2026","156.00","","1823.52 Cr.","","","UPI/DR/957849498811/JESURAJ/KVBL/jesurajrajamich/P","","39","1"
"20/02/2026","44.00","","1779.52 Cr.","","","UPI/DR/495925139374/JEGANATH/YESB/Q214944131@ybl/P","","39","1"
"20/02/2026","","10000.00","11779.52 Cr.","","","UPI/CR/279295193004/VISAKA I/PUNB/saravanand771@y/","","39","1"
"20/02/2026","10000.00","","1779.52 Cr.","","","UPI/DR/280367043979/Mr KUMAR/CIUB/9688169818@ybl/P","","39","1"
"20/02/2026","1000.00","","779.52 Cr.","","","UPI/DR/949488637072/Mr Balak/IDIB/8778957349@ybl/P","","39","1"
"21/02/2026","202.00","","577.52 Cr.","","","UPI/DR/824162369551/SHANTHI/YESB/Q796947204@ybl/Pa","","39","1"
"21/02/2026","","3500.00","4077.52 Cr.","","","UPI/CR/930726868549/VISAKA I/PUNB/saravanand771@y/","","39","1"
"21/02/2026","3200.00","","877.52 Cr.","","","UPI/DR/559274687562/TASMAC S/YESB/paytm-81852588@/","","39","1"
"22/02/2026","231.00","","646.52 Cr.","","","UPI/DR/400903226228/THASLIM/SBIN/rawoofabdul011-/P","","39","1"
"22/02/2026","","850.00","1496.52 Cr.","","","UPI/CR/160608857177/VISAKA","","39","1"
"22/02/2026","1380.00","","116.52 Cr.","","","UPI/DR/405547074299/Ibrahim/YESB/paytm.s1eqe5p@p/P","","40","1"
"22/02/2026","","30000.00","30116.52 Cr.","","","UPI/CR/289897396260/VISAKA I/PUNB/saravanand771@y/","","40","1"
"22/02/2026","10000.00","","20116.52 Cr.","","","UPI/DR/740909305692/PANDIYAN/BKID/pandianj.11@oks/","","40","1"
"22/02/2026","4750.00","","15366.52 Cr.","","","UPI/DR/196570425222/PANDIYAN/BKID/pandianj.11@oks/","","40","1"
"22/02/2026","10000.00","","5366.52 Cr.","","","UPI/DR/787642932659/JAYAPRAK/KVBL/jayaprakash2044/","","40","1"
"22/02/2026","","10000.00","15366.52 Cr.","","","From:XXXX6668:S A DHANDAPANI","","40","1"
"22/02/2026","10000.00","","5366.52 Cr.","","","UPI/DR/199948788611/RAMYA M/CNRB/mageshasm10@oki/P","","40","1"
"23/02/2026","","2000.00","7366.52 Cr.","","","UPI/CR/605429616620/DHANALAK/CNRB/dhanyasridhana-/","","40","1"
"23/02/2026","","10000.00","17366.52 Cr.","","","From:XXXX6668:S A DHANDAPANI","","40","1"
"23/02/2026","5500.00","","11866.52 Cr.","","","UPI/DR/010223308721/RGLSI AI/KKBK/0790490A0269616/","","40","1"
"23/02/2026","4150.00","","7716.52 Cr.","","","UPI/DR/362903535568/MOHANDAS/ESFB/padmarajmohanda/","","40","1"
"23/02/2026","425.00","","7291.52 Cr.","","","UPI/DR/621797233065/Mrs Subh/IDIB/subhajoshkathns/","","40","1"
"23/02/2026","1750.00","","5541.52 Cr.","","","UPI/DR/814005426988/Bank Acc/SIBL/038805300001481/","","40","1"
"23/02/2026","230.00","","5311.52 Cr.","","","UPI/DR/610444089501/Geetha N/YESB/paytm.s1xxqf7@p/","","40","1"
"23/02/2026","","21000.00","26311.52 Cr.","","","From:XXXX6668:S A DHANDAPANI","","40","1"
"23/02/2026","567.00","","25744.52 Cr.","","","UPI/DR/729373176605/M S KING/ICIC/ibkPOS.EP187246/","","40","1"
"23/02/2026","1000.00","","24744.52 Cr.","","","UPI/DR/642050689552/Praveenk/AIRP/praveen1989vlr-/","","40","1"
"23/02/2026","1199.00","","23545.52 Cr.","","","UPI/DR/973448990546/Google/UTIB/playstore1.bd@a/Ma","","40","1"
"24/02/2026","553.15","","22992.37 Cr.","","","UPI/DR/536605777306/Amazon P/UTIB/amazonpaygrocer/","","40","1"
"24/02/2026","500.00","","22492.37 Cr.","","","UPI/DR/175487494991/SVR Agen/YESB/paytmqr28100505/","","40","1"
"24/02/2026","","13500.00","35992.37 Cr.","","","From:XXXX6668:S A DHANDAPANI","","40","1"
"24/02/2026","32300.00","","3692.37 Cr.","","","UPI/DR/981603499273/DHINAAS/YESB/paytm.d91697219/P","","40","1"
"24/02/2026","24.00","","3668.37 Cr.","","","UPI/DR/207226516470/MAHENDRA/YESB/Q447102073@ybl/P","","40","1"
"24/02/2026","1004.00","","2664.37 Cr.","","","UPI/DR/250235289716/SUNDARAM/HDFC/sundaramhospita/","","40","1"
"24/02/2026","290.00","","2374.37 Cr.","","","UPI/DR/215461260556/Google/UTIB/playstore@axisb/Ma","","40","1"
"24/02/2026","600.00","","1774.37 Cr.","","","UPI/DR/810812885394/MS HOLOG/IDIB/holographicdeta/","","40","1"
"24/02/2026","1002.00","","772.37 Cr.","","","UPI/DR/550962039098/BSNLRec/YESB/PHONEPEBSNLSOUT/","","40","1"
"24/02/2026","","15600.00","16372.37 Cr.","","","From:XXXX9601:VISAKA INDANE NDNE RETAILER","","40","1"
"24/02/2026","10000.00","","6372.37 Cr.","","","UPI/DR/564377949162/MOHAN S/HDFC/mohansvlr@oksbi/P","","40","1"
"24/02/2026","39.00","","6333.37 Cr.","","","UPI/DR/876739065444/airtel/UTIB/airtel.payu@axi/UP","","40","1"
"25/02/2026","200.00","","6133.37 Cr.","","","UPI/DR/163261388174/Mr S Tam/IDIB/arsantamiltamil/","","40","1"
"25/02/2026","150.00","","5983.37 Cr.","","","UPI/DR/252086215169/G V BRIY/SIBL/bhqr.2565371A@s/","","40","1"
"25/02/2026","185.00","","5798.37 Cr.","","","UPI/DR/729421665174/KISHOREK/IOBA/krishkishore201/","","40","1"
"25/02/2026","1970.00","","3828.37 Cr.","","","UPI/DR/550619232727/Rasina F/YESB/paytm.s15pjcw@p/","","40","1"
"25/02/2026","1750.00","","2078.37 Cr.","","","UPI/DR/766917098451/BASKARAN/CNRB/baskar500600@ok/","","40","1"
"25/02/2026","33.00","","2045.37 Cr.","","","UPI/DR/434933827883/M CHINN/YESB/Q487246458@ybl/P","","40","1"
"25/02/2026","870.00","","1175.37 Cr.","","","UPI/DR/155096624037/Mr Franc/IDIB/jmjcine@oksbi/Pa","","40","1"
"25/02/2026","500.00","","675.37 Cr.","","","UPI/DR/350190458102/Google A/UTIB/playstoregames1/","","40","1"
"26/02/2026","","40000.00","40675.37 Cr.","","","From:XXXX6668:S A DHANDAPANI","","40","1"
"26/02/2026","10000.00","","30675.37 Cr.","","","UPI/DR/533186932670/JAYAPRAK/KVBL/jayaprakash2044/","","40","1"
"26/02/2026","10000.00","","20675.37 Cr.","","","UPI/DR/092047791037/VENGATES/CNRB/venkitransport@/","","40","1"
"26/02/2026","10000.00","","10675.37 Cr.","","","UPI/DR/034164719897/VENGATES/CNRB/venkitransport@/","","40","1"
"26/02/2026","8000.00","","2675.37 Cr.","","","UPI/DR/480563526508/PANDIYAN/BKID/pandianj.11@oks/","","40","1"
"26/02/2026","","10000.00","12675.37 Cr.","","","UPI/CR/119164072791/GUNA SEK/HDFC/gunajayapal346-/","","40","1"
"26/02/2026","10200.00","","2475.37 Cr.","","","UPI/DR/357094777553/VISAKA I/PUNB/saravanand771@y/","","40","1"
"26/02/2026","700.00","","1775.37 Cr.","","","UPI/DR/531023740576/Google/UTIB/playstore@axisb/Ma","","40","1"
"26/02/2026","500.00","","1275.37 Cr.","","","UPI/DR/240941601230/Mr Chand/YESB/paytmqr5mvccb@p/","","40","1"
"26/02/2026","750.00","","525.37 Cr.","","","UPI/DR/096995920444/SATHISHP/KVBL/sathishpremkuma/","","40","1"
"26/02/2026","250.00","","275.37 Cr.","","","UPI/DR/572820572073/PALANI A/YESB/Q830088267@ybl/P","","40","1"
"26/02/2026","30.00","","245.37 Cr.","","","UPI/DR/571333322541/PALANI A/YESB/Q830088267@ybl/P","","40","1"
"26/02/2026","","3740.00","3985.37 Cr.","","","UPI/CR/605780895683/Mr S TAM/IDIB/arsantamiltamil/","","41","1"
"26/02/2026","2500.00","","1485.37 Cr.","","","UPI/DR/550975527266/STEPHAN/HDFC/stephenfjs90@ok/P","","41","1"
"26/02/2026","530.00","","955.37 Cr.","","","UPI/DR/032312293155/ZOMATO/HDFC/payzomato@hdfcb/Pa","","41","1"
"26/02/2026","414.82","","540.55 Cr.","","","UPI/DR/548115595291/PhonePe/YESB/SV2512112238344/P","","41","1"
"27/02/2026","","10000.00","10540.55 Cr.","","","NEFT IN::SBINN52026022732651854/PRABHU GASSUPPLIERS:SBIN0012795","SBIN426058890976","41","1"
"27/02/2026","330.00","","10210.55 Cr.","","","UPI/DR/498560725740/Mrs Subh/IDIB/subhajoshkathns/","","41","1"
"27/02/2026","","1800.00","12010.55 Cr.","","","UPI/CR/642448392423/Mr S TAM/IDIB/arsantamiltamil/","","41","1"
"27/02/2026","684.40","","11326.15 Cr.","","","UPI/DR/621405125204/Zomatofo/AIRP/Zomatofood.payu/","","41","1"
"27/02/2026","7500.00","","3826.15 Cr.","","","UPI/DR/668238620306/VISAKA I/PUNB/saravanand771@y/","","41","1"
"27/02/2026","700.00","","3126.15 Cr.","","","UPI/DR/904210533176/Bank Acc/SIBL/038805300001481/","","41","1"
"27/02/2026","116.00","","3010.15 Cr.","","","UPI/DR/022966120493/MEDPLUS/HDFC/medplustrichygo/P","","41","1"
"28/02/2026","315.00","","2695.15 Cr.","","","UPI/DR/854813466126/HOTEL AJ/HDFC/Vyapar.17198636/","","41","1"
"28/02/2026","15.00","","2680.15 Cr.","","","UPI/DR/345873696360/VIJAY M/SBIN/vijay09051979@o/","","41","1"
"28/02/2026","","2090.00","4770.15 Cr.","","","UPI/CR/605930181853/KUMAHOR/UBIN/kpreethikasri58/U","","41","1"
"28/02/2026","","28200.00","32970.15 Cr.","","","From:XXXX6668:S A DHANDAPANI","","41","1"
"28/02/2026","523.75","","32446.40 Cr.","","","UPI/DR/997436306495/ZOMATO/HDFC/payzomato@hdfcb/Pa","","41","1"
"28/02/2026","21000.00","","11446.40 Cr.","","","UPI/DR/883218455136/Bank Acc/SBIN/67083521928@SBI/","","41","1"
"28/02/2026","","3740.00","15186.40 Cr.","","","UPI/CR/642567823715/Mr S TAM/IDIB/arsantamiltamil/","","41","1"
"28/02/2026","1850.00","","13336.40 Cr.","","","UPI/DR/153478083100/PL SM Sa/YESB/paytm.s16slif@p/","","41","1"
"28/02/2026","1950.00","","11386.40 Cr.","","","UPI/DR/891231830586/SWAMYNAT/SBIN/sairms2003@okic/","","41","1"
"28/02/2026","1936.00","","9450.40 Cr.","","","UPI/DR/248121718950/Abid s R/HDFC/pinelabs.STQ426/","","41","1"
"28/02/2026","405.48","","9044.92 Cr.","","","UPI/DR/032628426292/ZOMATO/HDFC/payzomato@hdfcb/Pa","","41","1"
"01/03/2026","500.00","","8544.92 Cr.","","","UPI/DR/920446051474/Google A/UTIB/playstoregames1/","","41","1"
"01/03/2026","503.00","","8041.92 Cr.","","","UPI/DR/025380495204/PhonePe/YESB/SV2512112258548/P","","41","1"
"01/03/2026","503.00","","7538.92 Cr.","","","UPI/DR/686622372023/PhonePe/YESB/SV2512112258548/P","","41","1"
"01/03/2026","4000.00","","3538.92 Cr.","","","UPI/DR/986469125273/Mr S Tam/IDIB/arsantamiltamil/","","41","1"
"01/03/2026","","1860.00","5398.92 Cr.","","","UPI/CR/606083452987/RAVI KUM/CNRB/kravi632813@oka/","","41","1"
"01/03/2026","20.00","","5378.92 Cr.","","","UPI/DR/783410890879/RANI S/BARB/ranis63809486@b/UP","","41","1"
"01/03/2026","50.00","","5328.92 Cr.","","","UPI/DR/060870148335/Mr Lokes/YESB/paytmqr5e5rsb@p/","","41","1"
"01/03/2026","200.00","","5128.92 Cr.","","","UPI/DR/976076249270/Mr A NAV/IDIB/naveenmalli456@/","","41","1"
"01/03/2026","20.00","","5108.92 Cr.","","","UPI/DR/656137835151/Mr A NAV/IDIB/naveenmalli456@/","","41","1"
"01/03/2026","250.00","","4858.92 Cr.","","","UPI/DR/831740307809/BALAMURU/YESB/paytm.s17pwl2@p/","","41","1"
"01/03/2026","20.00","","4838.92 Cr.","","","UPI/DR/532022615918/BALAMURU/YESB/paytm.s17pwl2@p/","","41","1"
"01/03/2026","270.00","","4568.92 Cr.","","","UPI/DR/405855725246/K P HANE/YESB/Q371859238@ybl/P","","41","1"
"01/03/2026","35.00","","4533.92 Cr.","","","UPI/DR/360922942878/S ANBUMA/YESB/Q162818315@ybl/P","","41","1"
"02/03/2026","1000.00","","3533.92 Cr.","","","UPI/DR/439156574393/Bank Acc/SIBL/038805300001481/","","41","1"
"02/03/2026","259.00","","3274.92 Cr.","","","UPI/DR/137147990612/Amazon I/RATN/amazon@rapl/You","","41","1"
"02/03/2026","330.00","","2944.92 Cr.","","","UPI/DR/236369489473/RADHA TE/CNRB/313911792281252/","","41","1"
"03/03/2026","2015.00","","929.92 Cr.","","","UPI/DR/514654928355/BASKARAN/CNRB/baskar500600@ok/","","41","1"
"03/03/2026","","50000.00","50929.92 Cr.","","","From:XXXX6668:S A DHANDAPANI","","41","1"
"03/03/2026","10009.00","","40920.92 Cr.","","","UPI/DR/955209706376/VENGATES/CNRB/venkitransport@/","","41","1"
"03/03/2026","8200.00","","32720.92 Cr.","","","UPI/DR/051891125677/RAMYA M/CNRB/mageshasm10@oki/P","","41","1"
"03/03/2026","10000.00","","22720.92 Cr.","","","UPI/DR/082533958054/ARUTSELV/SBIN/arutselvansunda/","","41","1"
"03/03/2026","18000.00","","4720.92 Cr.","","","UPI/DR/980739743637/Bank Acc/BARB/45140100003470@/","","41","1"
"03/03/2026","4000.00","","720.92 Cr.","","","UPI/DR/850490827081/Mr BOOPA/CIUB/boopathyindra19/","","41","1"
"03/03/2026","400.00","","320.92 Cr.","","","UPI/DR/343052116302/Mr BOOPA/CIUB/boopathyindra19/","","41","1"
"03/03/2026","300.00","","20.92 Cr.","","","UPI/DR/746142402717/SAMINATH/CNRB/samimraja1968@o/","","41","1"
"03/03/2026","","10000.00","10020.92 Cr.","","","From:XXXX6668:S A DHANDAPANI","","41","1"
"03/03/2026","5750.00","","4270.92 Cr.","","","UPI/DR/476168838963/Mr KUMAR/CIUB/9688169818@ybl/P","","42","1"
"03/03/2026","784.15","","3486.77 Cr.","","","UPI/DR/203981729559/ZOMATO/HDFC/payzomato@hdfcb/Pa","","42","1"
"03/03/2026","1300.00","","2186.77 Cr.","","","UPI/DR/247174521065/Karunani/YESB/paytmqr6fqbrt@p/","","42","1"
"03/03/2026","670.00","","1516.77 Cr.","","","UPI/DR/262090493783/PRAVEEN/HDFC/Vyapar.17292837/P","","42","1"
"03/03/2026","290.00","","1226.77 Cr.","","","UPI/DR/647814720626/Google/UTIB/playstore@axisb/Ma","","42","1"
"03/03/2026","1155.40","","71.37 Cr.","","","UPI/DR/592346578567/Make My/YESB/MAKEMYTRIP6ONLI/P","","42","1"
"04/03/2026","","19200.00","19271.37 Cr.","","","From:XXXX6668:S A DHANDAPANI","","42","1"
"04/03/2026","10000.00","","9271.37 Cr.","","","UPI/DR/862037995166/SATHISHK/SBIN/sathishcps1977-/","","42","1"
"04/03/2026","4750.00","","4521.37 Cr.","","","UPI/DR/256057604486/JAYAPRAK/KVBL/jayaprakash2044/","","42","1"
"04/03/2026","1180.00","","3341.37 Cr.","","","UPI/DR/696220436093/JAYAPRAK/KVBL/jayaprakash2044/","","42","1"
"04/03/2026","1500.00","","1841.37 Cr.","","","UPI/DR/306986242234/Asg lour/YESB/paytm-9037118@p/","","42","1"
"04/03/2026","1400.00","","441.37 Cr.","","","UPI/DR/359746337809/UDAYAKUM/IOBA/udayakumaru02@o/","","42","1"
"04/03/2026","140.00","","301.37 Cr.","","","UPI/DR/220441660276/JEGANATH/YESB/Q214944131@ybl/P","","42","1"
"04/03/2026","","2100.00","2401.37 Cr.","","","UPI/CR/090939393841/VISAKA I/PUNB/saravanand771@y/","","42","1"
"04/03/2026","1045.00","","1356.37 Cr.","","","UPI/DR/413054290597/Abid s R/HDFC/pinelabs.STQ426/","","42","1"
"04/03/2026","537.00","","819.37 Cr.","","","UPI/DR/122909166351/Swiggy L/UTIB/swiggy.stores@a/","","42","1"
"05/03/2026","","15000.00","15819.37 Cr.","","","UPI/CR/606495565909/NAINA S/IOBA/gunajayapal346-/U","","42","1"
"05/03/2026","6500.00","","9319.37 Cr.","","","D16724422CR TO440300NG00001252 : TO:SAR:D16724422CR TO440300NG00001252","","42","1"
"05/03/2026","6000.00","","3319.37 Cr.","","","UPI/DR/289043203949/VISAKA I/PUNB/saravanand771@y/","","42","1"
"05/03/2026","238.00","","3081.37 Cr.","","","UPI/DR/998699272280/Swiggy L/UTIB/swiggy.stores@a/","","42","1"
"05/03/2026","700.00","","2381.37 Cr.","","","UPI/DR/945886040646/Google/UTIB/playstore@axisb/Ma","","42","1"
"05/03/2026","547.58","","1833.79 Cr.","","","UPI/DR/047996469911/Smart Ti/JIOP/2306665904637-0/","","42","1"
"05/03/2026","221.00","","1612.79 Cr.","","","UPI/DR/499428562679/Sri Nall/UTIB/gpay-1117631793/","","42","1"
"05/03/2026","281.00","","1331.79 Cr.","","","UPI/DR/408311607908/ASWINI M/YESB/paytmqr6ebamk@p/","","42","1"
"05/03/2026","1300.00","","31.79 Cr.","","","UPI/DR/751369344364/VISAKA I/PUNB/saravanand771@y/","","42","1"
"05/03/2026","","1200.00","1231.79 Cr.","","","UPI/CR/540446072010/VISAKA I/PUNB/saravanand771@i/","","42","1"
"05/03/2026","75.00","","1156.79 Cr.","","","UPI/DR/827283004401/Ms K ANI/IDIB/anithakumar.tri/","","42","1"
"06/03/2026","240.00","","916.79 Cr.","","","UPI/DR/555907073322/Sri Nall/UTIB/gpay-1117631793/","","42","1"
"06/03/2026","20.00","","896.79 Cr.","","","UPI/DR/930061914525/Sri Nall/UTIB/gpay-1117631793/","","42","1"
"06/03/2026","","5700.00","6596.79 Cr.","","","UPI/CR/259182462261/VISAKA I/PUNB/saravanand771@y/","","42","1"
"06/03/2026","2824.92","","3771.87 Cr.","","","UPI/DR/606503903774/JIO/KKBK/relianceretail2/Pay","","42","1"
"06/03/2026","","4000.00","7771.87 Cr.","","","UPI/CR/096884671580/VISAKA I/PUNB/saravanand771@i/","","42","1"
"06/03/2026","3200.00","","4571.87 Cr.","","","UPI/DR/502376939494/Ms P VIJ/IDIB/vijayap431@okhd/","","42","1"
"06/03/2026","979.00","","3592.87 Cr.","","","UPI/DR/835563599846/airtel/UTIB/airtel.payu@axi/Pr","","42","1"
"06/03/2026","133.00","","3459.87 Cr.","","","UPI/DR/835090139385/SRI THAI/UTIB/gpay-1126190599/","","42","1"
"07/03/2026","1500.00","","1959.87 Cr.","","","UPI/DR/344292510906/Bank Acc/SIBL/038805300001481/","","42","1"
"07/03/2026","200.00","","1759.87 Cr.","","","UPI/DR/078551861256/Mr S Tam/IDIB/arsantamiltamil/","","42","1"
"07/03/2026","","10020.00","11779.87 Cr.","","","From:XXXX9601:VISAKA INDANE NDNE RETAILER","","42","1"
"07/03/2026","10000.00","","1779.87 Cr.","","","UPI/DR/137373699644/PANDIYAN/BKID/pandianj.11@oks/","","42","1"
"07/03/2026","50.00","","1729.87 Cr.","","","UPI/DR/504011225554/TPJ VIP/UTIB/9514358803@okbi/P","","42","1"
"07/03/2026","20.00","","1709.87 Cr.","","","UPI/DR/667324824116/Indian R/YESB/paytm-64670120@/","","42","1"
"07/03/2026","220.00","","1489.87 Cr.","","","UPI/DR/828065493955/SAINAS_C/YESB/paytmqr6qgb07@p/","","42","1"
"07/03/2026","","20000.00","21489.87 Cr.","","","From:XXXX6668:S A DHANDAPANI","","42","1"
"07/03/2026","10000.00","","11489.87 Cr.","","","UPI/DR/121602977326/RAMYA M/CNRB/mageshasm10@oki/P","","42","1"
"07/03/2026","10000.00","","1489.87 Cr.","","","UPI/DR/887130986944/K DHAKS/KKBK/mr.k.dhakshinam/","","42","1"
"07/03/2026","","1985.00","3474.87 Cr.","","","UPI/CR/606641750122/CHARLES/SBIN/charlessavarira/U","","42","1"
"07/03/2026","1500.00","","1974.87 Cr.","","","UPI/DR/129568076359/STEPHAN/HDFC/stephenfjs90@ok/P","","42","1"
"07/03/2026","","2500.00","4474.87 Cr.","","","UPI/CR/131604153191/VISAKA I/PUNB/saravanand771@y/","","42","1"
"07/03/2026","3000.00","","1474.87 Cr.","","","UPI/DR/134504963910/Bank Acc/SIBL/038805300001480/","","42","1"
"07/03/2026","435.00","","1039.87 Cr.","","","UPI/DR/373802602081/RAMARAJ/IOBA/ramaraj.sattur-/P","","42","1"
"07/03/2026","93.00","","946.87 Cr.","","","UPI/DR/558657474676/RAJALAKS/KVBL/jagavet1981-1@o/","","42","1"
"07/03/2026","","800.00","1746.87 Cr.","","","UPI/CR/119665694840/PONRAJA/KVBL/rajr96711@okhdf/U","","43","1"
"07/03/2026","","5500.00","7246.87 Cr.","","","UPI/CR/606681541997/Mr S TAM/IDIB/arsantamiltamil/","","43","1"
"07/03/2026","","30000.00","37246.87 Cr.","","","From:XXXX6668:S A DHANDAPANI","","43","1"
"07/03/2026","15809.00","","21437.87 Cr.","","","UPI/DR/724750082934/United I/KKBK/uiicompany.bdpg/","","43","1"
"08/03/2026","138.80","","21299.07 Cr.","","","MAB CHRG ACCOUNT-7533 2026-02-01 TO 2026-02-28","","43","1"
"08/03/2026","7000.00","","14299.07 Cr.","","","ATM WDR 606707018579 VCTB MAIN ROAD","","43","1"
"08/03/2026","27.14","","14271.93 Cr.","","","ATM WDR 606707018579 VCTB MAIN ROAD","","43","1"
"08/03/2026","2385.00","","11886.93 Cr.","","","UPI/DR/869202891050/INDIA SW/YESB/paytm.d10788525/","","43","1"
"08/03/2026","898.00","","10988.93 Cr.","","","UPI/DR/776950558213/CROSSWOR/HDFC/crosswordbookst/","","43","1"
"08/03/2026","1084.00","","9904.93 Cr.","","","UPI/DR/794174370943/PVR INOX/YESB/amznplpvrv20077/","","43","1"
"08/03/2026","900.00","","9004.93 Cr.","","","UPI/DR/709770486516/PVR INOX/YESB/amznplpvrv20077/","","43","1"
"08/03/2026","208.00","","8796.93 Cr.","","","UPI/DR/420116567010/KORAMANG/YESB/paytm.d19875236/","","43","1"
"08/03/2026","1222.00","","7574.93 Cr.","","","UPI/DR/437984473767/ZOMATO L/YESB/zomato-order@pt/","","43","1"
"09/03/2026","","35000.00","42574.93 Cr.","","","From:XXXX6668:S A DHANDAPANI","","43","1"
"09/03/2026","10000.00","","32574.93 Cr.","","","UPI/DR/104146247516/NAVEEN/SBIN/sreexpresstoner/Pa","","43","1"
"09/03/2026","10000.00","","22574.93 Cr.","","","UPI/DR/186067522818/JAYAPRAK/KVBL/jayaprakash2044/","","43","1"
"09/03/2026","2400.00","","20174.93 Cr.","","","UPI/DR/125145473988/MAYUR FA/HDFC/Vyapar.17568417/","","43","1"
"09/03/2026","5800.00","","14374.93 Cr.","","","UPI/DR/191596927069/Bank Acc/SIBL/038805300001481/","","43","1"
"09/03/2026","2205.00","","12169.93 Cr.","","","UPI/DR/211196526778/RELIANCE/HDFC/RELIANCETRENDS./","","43","1"
"09/03/2026","","2090.00","14259.93 Cr.","","","UPI/CR/606881136712/KUMAHOR/UBIN/kpreethikasri58/U","","43","1"
"09/03/2026","1800.00","","12459.93 Cr.","","","UPI/DR/919135750746/SAMPATHK/CNRB/9901533539-0@ai/","","43","1"
"09/03/2026","1453.00","","11006.93 Cr.","","","UPI/DR/907029887485/Joy Deb/SBIN/8798522455@pthd/","","43","1"
"09/03/2026","1128.00","","9878.93 Cr.","","","UPI/DR/129061000833/ZOMATO/HDFC/payzomato@hdfcb/Pa","","43","1"
"10/03/2026","","6000.00","15878.93 Cr.","","","UPI/CR/428129993125/VISAKA I/PUNB/saravanand771@y/","","43","1"
"10/03/2026","10000.00","","5878.93 Cr.","","","UPI/DR/033100296286/JAYAPRAK/KVBL/jayaprakash2044/","","43","1"
"10/03/2026","","15600.00","21478.93 Cr.","","","From:XXXX6668:S A DHANDAPANI","","43","1"
"10/03/2026","10000.00","","11478.93 Cr.","","","UPI/DR/342704240209/VENGATES/CNRB/venkitransport@/","","43","1"
"10/03/2026","","10000.00","21478.93 Cr.","","","From:XXXX6668:S A DHANDAPANI","","43","1"
"10/03/2026","7004.00","","14474.93 Cr.","","","POS 606912833912 AKSHAYA LAKSHMI COMFOR","","43","1"
"10/03/2026","3000.00","","11474.93 Cr.","","","UPI/DR/356061731914/Mr BALAJ/IDIB/8098447547@ybl/P","","43","1"
"10/03/2026","1623.04","","9851.89 Cr.","","","UPI/DR/003202416623/HARDCAST/YESB/amznplmacd10050/","","43","1"
"10/03/2026","","2000.00","11851.89 Cr.","","","UPI/CR/643501804942/DHANALAK/CNRB/dhanyasridhana-/","","43","1"
"10/03/2026","2000.00","","9851.89 Cr.","","","UPI/DR/431224628271/PL SM Sa/YESB/paytm.s16slif@p/","","43","1"
"10/03/2026","290.00","","9561.89 Cr.","","","UPI/DR/110212880696/Google/UTIB/playstore@axisb/Ma","","43","1"
"10/03/2026","1500.00","","8061.89 Cr.","","","UPI/DR/858151068796/Mr JAYA/IDIB/www.jsuri3344@o/P","","43","1"
"10/03/2026","4500.00","","3561.89 Cr.","","","UPI/DR/610728201432/Mr S TAM/IDIB/9003889212@ibl/P","","43","1"
"11/03/2026","","25500.00","29061.89 Cr.","","","From:XXXX6668:S A DHANDAPANI","","43","1"
"11/03/2026","12000.00","","17061.89 Cr.","","","UPI/DR/611647375721/BALASUBR/SBIN/balasubramani49/","","43","1"
"11/03/2026","","6230.00","23291.89 Cr.","","","UPI/CR/643679570861/Mr S TAM/IDIB/arsantamiltamil/","","43","1"
"11/03/2026","7000.00","","16291.89 Cr.","","","UPI/DR/139404467798/Bank Acc/PUNB/060300010112639/","","43","1"
"11/03/2026","5000.00","","11291.89 Cr.","","","UPI/DR/213303191988/Bank Acc/IDIB/405666404@IDIB0/","","43","1"
"11/03/2026","5000.00","","6291.89 Cr.","","","UPI/DR/704223091689/Bank Acc/SIBL/038805300001481/","","43","1"
"11/03/2026","325.00","","5966.89 Cr.","","","UPI/DR/147387402730/UDAYAKUM/IOBA/udayakumaru02@o/","","43","1"
"11/03/2026","300.00","","5666.89 Cr.","","","UPI/DR/533002665744/SAMINATH/CNRB/samimraja1968@o/","","43","1"
"11/03/2026","455.00","","5211.89 Cr.","","","UPI/DR/508704316151/Amazon I/RATN/amazon@rapl/You","","43","1"
"11/03/2026","254.00","","4957.89 Cr.","","","UPI/DR/775082114353/Amazon I/RATN/amazon@rapl/You","","43","1"
"11/03/2026","388.00","","4569.89 Cr.","","","UPI/DR/870064088794/Swiggy/ICIC/swiggystores@ic/Pa","","43","1"
"11/03/2026","200.00","","4369.89 Cr.","","","UPI/DR/434664701053/VENKATES/YESB/paytmqr1jd4fr72/","","43","1"
"11/03/2026","199.00","","4170.89 Cr.","","","UPI/DR/503103186568/PRABHU M/YESB/paytmqr6hj9ml@p/","","43","1"
"11/03/2026","830.00","","3340.89 Cr.","","","UPI/DR/968894233554/ZOMATO/HDFC/payzomato@hdfcb/Pa","","43","1"
"12/03/2026","1500.00","","1840.89 Cr.","","","UPI/DR/610114953750/Mr Murug/IDIB/mruganmani05-1@/","","44","1"
"12/03/2026","700.00","","1140.89 Cr.","","","UPI/DR/419953230716/Google/UTIB/playstore@axisb/Ma","","44","1"
"12/03/2026","300.00","","840.89 Cr.","","","UPI/DR/301160242753/Arumugam/YESB/paytmqr6jd4t6@p/","","44","1"
"12/03/2026","","10000.00","10840.89 Cr.","","","UPI/CR/119898964254/GUNA SEK/HDFC/gunajayapal346-/","","44","1"
"12/03/2026","","50700.00","61540.89 Cr.","","","From:XXXX6668:S A DHANDAPANI","","44","1"
"12/03/2026","48100.00","","13440.89 Cr.","","","UPI/DR/989643120999/Bank Acc/KVBL/162715500000379/","","44","1"
"12/03/2026","1200.00","","12240.89 Cr.","","","UPI/DR/023809578146/Bank Acc/KVBL/162715500000379/","","44","1"
"12/03/2026","252.00","","11988.89 Cr.","","","UPI/DR/934512370326/Sri Nall/UTIB/gpay-1117631793/","","44","1"
"12/03/2026","","12090.00","24078.89 Cr.","","","UPI/CR/119910791143/VIJAYAKR/KVBL/vijaymess419@ok/","","44","1"
"12/03/2026","719.00","","23359.89 Cr.","","","UPI/DR/841446082488/Blinkit/HDFC/blinkit.rzp@hdf/P","","44","1"
"12/03/2026","4500.00","","18859.89 Cr.","","","UPI/DR/162616782025/RAMANA C/KVBL/durairamana22@y/","","44","1"
"12/03/2026","3500.00","","15359.89 Cr.","","","UPI/DR/855219925387/SVR Agen/YESB/paytmqr6fp4ri@p/","","44","1"
"12/03/2026","500.00","","14859.89 Cr.","","","UPI/DR/528156995811/Google A/UTIB/playstoregames1/","","44","1"
"13/03/2026","5408.00","","9451.89 Cr.","","","UPI/DR/421400430178/UDAYAKUM/IOBA/udayakumaru02@o/","","44","1"
"13/03/2026","","3000.00","12451.89 Cr.","","","UPI/CR/117522625533/VISAKA I/PUNB/saravanand771@y/","","44","1"
"13/03/2026","10000.00","","2451.89 Cr.","","","UPI/DR/106876448485/NAVEEN/SBIN/sreexpresstoner/Pa","","44","1"
"13/03/2026","600.00","","1851.89 Cr.","","","UPI/DR/869280702142/UDAYAKUM/IOBA/udayakumaru02@o/","","44","1"
"13/03/2026","1525.00","","326.89 Cr.","","","UPI/DR/806539763042/BASKARAN/CNRB/baskar500600@ok/","","44","1"
"13/03/2026","310.00","","16.89 Cr.","","","UPI/DR/573366266484/Sri Nall/UTIB/gpay-1117631793/","","44","1"
"13/03/2026","","2500.00","2516.89 Cr.","","","UPI/CR/868760217469/VISAKA I/PUNB/saravanand771@y/","","44","1"
"13/03/2026","1000.00","","1516.89 Cr.","","","UPI/DR/418527059100/STEPHAN/HDFC/stephenfjs90@ok/P","","44","1"
"14/03/2026","232.00","","1284.89 Cr.","","","UPI/DR/181930349596/SRI THAI/UTIB/gpay-1219133635/","","44","1"
"14/03/2026","","45000.00","46284.89 Cr.","","","From:XXXX6668:S A DHANDAPANI","","44","1"
"14/03/2026","12000.00","","34284.89 Cr.","","","UPI/DR/690732698827/SURESHBA/SBIN/sureshjgr716@ok/","","44","1"
"14/03/2026","10000.00","","24284.89 Cr.","","","UPI/DR/480340679819/VENGATES/CNRB/venkitransport@/","","44","1"
"14/03/2026","20000.00","","4284.89 Cr.","","","UPI/DR/875226080221/JAYAPRAK/KVBL/jayaprakash2044/","","44","1"
"14/03/2026","303.00","","3981.89 Cr.","","","UPI/DR/192362500775/Swiggy L/UTIB/swiggy.stores@a/","","44","1"
"14/03/2026","206.00","","3775.89 Cr.","","","UPI/DR/287648786243/Swiggy L/UTIB/swiggy.stores@a/","","44","1"
"14/03/2026","750.00","","3025.89 Cr.","","","UPI/DR/275532439983/UDAYAKUM/IOBA/udayakumaru02@o/","","44","1"
"14/03/2026","395.00","","2630.89 Cr.","","","UPI/DR/776305871231/Mr Nagar/IDIB/nagarjunmano4-2/","","44","1"
"14/03/2026","","20000.00","22630.89 Cr.","","","From:XXXX6668:S A DHANDAPANI","","44","1"
"14/03/2026","1110.00","","21520.89 Cr.","","","UPI/DR/252076145836/Bank Acc/CIUB/153001000441540/","","44","1"
"14/03/2026","7500.00","","14020.89 Cr.","","","ATM WDR 607315002155 PON NAGAR BR","","44","1"
"14/03/2026","27.14","","13993.75 Cr.","","","ATM WDR 607315002155 PON NAGAR BR","","44","1"
"14/03/2026","","2200.00","16193.75 Cr.","","","UPI/CR/643997902757/KUMAHOR/UBIN/kpreethikasri58/U","","44","1"
"14/03/2026","6828.00","","9365.75 Cr.","","","UPI/DR/726065688402/Parsons/UTIB/9677702007@okbi/P","","44","1"
"14/03/2026","2000.00","","7365.75 Cr.","","","UPI/DR/539867899975/Bank Acc/SIBL/038805300001481/","","44","1"
"15/03/2026","2266.00","","5099.75 Cr.","","","UPI/DR/942512463853/Parsons/UTIB/9677702007@okbi/P","","44","1"
"15/03/2026","1500.00","","3599.75 Cr.","","","UPI/DR/407884226272/BASKARAN/CNRB/baskar500600@ok/","","44","1"
"15/03/2026","1500.00","","2099.75 Cr.","","","UPI/DR/260403100798/Mr Murug/IDIB/mruganmani05-1@/","","44","1"
"15/03/2026","1950.00","","149.75 Cr.","","","UPI/DR/872036197148/Bank Acc/IDIB/6343501866@IDIB/","","44","1"
"16/03/2026","","12000.00","12149.75 Cr.","","","From:XXXX6668:S A DHANDAPANI","","44","1"
"16/03/2026","10000.00","","2149.75 Cr.","","","UPI/DR/452020009077/NAVEEN/SBIN/sreexpresstoner/Pa","","44","1"
"16/03/2026","","4300.00","6449.75 Cr.","","","UPI/CR/607514075671/Mr S TAM/IDIB/arsantamiltamil/","","44","1"
"16/03/2026","450.00","","5999.75 Cr.","","","UPI/DR/775525738569/SARAVANA/ICIC/9344686601@ybl/P","","44","1"
"16/03/2026","1500.00","","4499.75 Cr.","","","UPI/DR/716251484196/PL SM Sa/YESB/paytm.s16slif@p/","","44","1"
"16/03/2026","","10000.00","14499.75 Cr.","","","UPI/CR/120126633482/GUNA SEK/HDFC/gunajayapal346-/","","44","1"
"16/03/2026","10000.00","","4499.75 Cr.","","","UPI/DR/845666146191/K BALASU/BARB/kandasamybalasu/","","44","1"
"16/03/2026","1672.00","","2827.75 Cr.","","","UPI/DR/908510998267/ZOMATO L/YESB/zomato-order@pt/","","44","1"
"16/03/2026","310.00","","2517.75 Cr.","","","UPI/DR/568728432383/Google A/UTIB/playstoregames1/","","44","1"
"17/03/2026","347.00","","2170.75 Cr.","","","UPI/DR/997415002991/YUSUFF S/INDB/yusuff4328-4@ok/","","45","1"
"17/03/2026","1000.00","","1170.75 Cr.","","","UPI/DR/469042733543/Bank Acc/SIBL/038805300001481/","","45","1"
"17/03/2026","","4000.00","5170.75 Cr.","","","UPI/CR/542348014541/VISAKA I/PUNB/saravanand771@y/","","45","1"
"17/03/2026","5000.00","","170.75 Cr.","","","UPI/DR/508841579865/Mr Clara/IDIB/clarancevijay16/","","45","1"
"17/03/2026","","5000.00","5170.75 Cr.","","","From:XXXX6668:S A DHANDAPANI","","45","1"
"17/03/2026","","6300.00","11470.75 Cr.","","","UPI/CR/607659912204/Mr S TAM/IDIB/arsantamiltamil/","","45","1"
"17/03/2026","1050.00","","10420.75 Cr.","","","UPI/DR/615549359711/SUNDARAM/HDFC/sundaramhospita/","","45","1"
"17/03/2026","290.00","","10130.75 Cr.","","","UPI/DR/509402580766/Google/UTIB/playstore@axisb/Ma","","45","1"
"17/03/2026","230.00","","9900.75 Cr.","","","UPI/DR/614338518471/SRI THAI/UTIB/gpay-1126190599/","","45","1"
"17/03/2026","255.00","","9645.75 Cr.","","","UPI/DR/606876514380/Swiggy L/UTIB/swiggy.stores@a/","","45","1"
"18/03/2026","400.00","","9245.75 Cr.","","","UPI/DR/921901247525/Mr S Tam/IDIB/arsantamiltamil/","","45","1"
"18/03/2026","1000.00","","8245.75 Cr.","","","UPI/DR/932740310907/Bank Acc/SIBL/038805300001481/","","45","1"
"18/03/2026","","8550.00","16795.75 Cr.","","","UPI/CR/644392340365/Mr S TAM/IDIB/arsantamiltamil/","","45","1"
"18/03/2026","1543.00","","15252.75 Cr.","","","UPI/DR/140729727134/ASWINI M/YESB/paytmqr6ebamk@p/","","45","1"
"18/03/2026","263.00","","14989.75 Cr.","","","UPI/DR/771667583987/Sri Nall/UTIB/gpay-1117631793/","","45","1"
"18/03/2026","258.40","","14731.35 Cr.","","","POS 607721885990 Reliance Retail Ltd","","45","1"
"18/03/2026","752.00","","13979.35 Cr.","","","UPI/DR/861706553006/Mr G RAJ/IDIB/8973074996@axl/P","","45","1"
"18/03/2026","1060.00","","12919.35 Cr.","","","UPI/DR/744255640428/ZOMATO/HDFC/payzomato@hdfcb/Pa","","45","1"
"19/03/2026","700.00","","12219.35 Cr.","","","UPI/DR/808323130786/Google/UTIB/playstore@axisb/Ma","","45","1"
"19/03/2026","12200.00","","19.35 Cr.","","","UPI/DR/833127273993/VISAKA I/PUNB/saravanand771@y/","","45","1"
"19/03/2026","","3500.00","3519.35 Cr.","","","UPI/CR/644474392485/RAMESH K/KVBL/rameshlr24@okax/","","45","1"
"19/03/2026","3500.00","","19.35 Cr.","","","UPI/DR/474768420939/VISAKA I/PUNB/saravanand771@y/","","45","1"
"19/03/2026","","8800.00","8819.35 Cr.","","","UPI/CR/644499596824/VIJAYAKR/KVBL/vijaymess419@ok/","","45","1"
"19/03/2026","1150.00","","7669.35 Cr.","","","UPI/DR/416056679528/PL SM Sa/YESB/paytm.s16slde@p/","","45","1"
"19/03/2026","","2050.00","9719.35 Cr.","","","UPI/CR/644425435769/PANDIDUR/ICIC/www.kkcpandi143/","","45","1"
"19/03/2026","","50000.00","59719.35 Cr.","","","From:XXXX9601:VISAKA INDANE NDNE RETAILER","","45","1"
"19/03/2026","20000.00","","39719.35 Cr.","","","UPI/DR/064049922062/VENGATES/CNRB/venkitransport@/","","45","1"
"19/03/2026","20000.00","","19719.35 Cr.","","","UPI/DR/195441515217/JAYAPRAK/KVBL/jayaprakash2044/","","45","1"
"19/03/2026","10000.00","","9719.35 Cr.","","","UPI/DR/641971223138/S YUVARA/DLXB/yuvarajvmt1983@/","","45","1"
"19/03/2026","1300.00","","8419.35 Cr.","","","UPI/DR/341691489322/SIVAKUMA/BARB/9952395887-2@yb/","","45","1"
"19/03/2026","250.00","","8169.35 Cr.","","","UPI/DR/973310033035/Mr ELUMA/FDRL/BHARATPE.9G0O0J/","","45","1"
"19/03/2026","300.00","","7869.35 Cr.","","","UPI/DR/191242165031/SUNDARAM/HDFC/sundaramhospita/","","45","1"
"19/03/2026","2128.75","","5740.60 Cr.","","","UPI/DR/603821469329/Make My/UTIB/MAKEMYTRIP6ONLI/P","","45","1"
"19/03/2026","581.00","","5159.60 Cr.","","","UPI/DR/383742204046/Swiggy L/UTIB/swiggy.stores@a/","","45","1"
"19/03/2026","2587.00","","2572.60 Cr.","","","POS 607821081631 FALAH FOOD AND BEVERAG","","45","1"
"19/03/2026","1000.00","","1572.60 Cr.","","","UPI/DR/492823653780/Bank Acc/CIUB/153001000441540/","","45","1"
"19/03/2026","994.00","","578.60 Cr.","","","UPI/DR/825361571653/ZOMATO/HDFC/payzomato@hdfcb/Pa","","45","1"
"20/03/2026","400.00","","178.60 Cr.","","","UPI/DR/486154325903/SATHYA S/SIBL/simpleshakthii@/","","45","1"
"20/03/2026","","7200.00","7378.60 Cr.","","","UPI/CR/644569202202/Mr Rajag/IDIB/rajaganeshrajag/","","45","1"
"20/03/2026","","6450.00","13828.60 Cr.","","","UPI/CR/644590903872/Mr Rajag/IDIB/rajaganeshrajag/","","45","1"
"20/03/2026","300.00","","13528.60 Cr.","","","UPI/DR/409586693107/Mr BOOPA/CIUB/boopathyindra19/","","45","1"
"20/03/2026","10000.00","","3528.60 Cr.","","","UPI/DR/452287414185/VISAKA I/PUNB/saravanand771@y/","","45","1"
"20/03/2026","1100.00","","2428.60 Cr.","","","UPI/DR/335530938760/ZAZZLES/YESB/paytm.d91403890/P","","45","1"
"20/03/2026","1104.00","","1324.60 Cr.","","","UPI/DR/983837242689/RAJMOHAN/SBIN/9442918482@pthd/","","45","1"
"21/03/2026","","40800.00","42124.60 Cr.","","","From:XXXX6668:S A DHANDAPANI","","45","1"
"21/03/2026","20000.00","","22124.60 Cr.","","","UPI/DR/000817302053/Bank Acc/IDIB/405666404@IDIB0/","","45","1"
"21/03/2026","5000.00","","17124.60 Cr.","","","UPI/DR/387701583473/Bank Acc/PUNB/060300010112639/","","45","1"
"21/03/2026","10000.00","","7124.60 Cr.","","","UPI/DR/674301625387/Mr JAYA/IDIB/www.jsuri3344@o/P","","45","1"
"21/03/2026","","2000.00","9124.60 Cr.","","","UPI/CR/644670673921/DHANALAK/CNRB/dhanyasridhana-/","","45","1"
"21/03/2026","6600.00","","2524.60 Cr.","","","UPI/DR/041016255107/VISAKA I/PUNB/saravanand771@y/","","45","1"
"21/03/2026","","45000.00","47524.60 Cr.","","","From:XXXX6668:S A DHANDAPANI","","45","1"
"21/03/2026","10000.00","","37524.60 Cr.","","","UPI/DR/732673185176/Mr VENKA/IDIB/9786225515@ibl/P","","46","1"
"21/03/2026","12000.00","","25524.60 Cr.","","","UPI/DR/620004895207/MURUGESA/UBIN/9943469293@ybl/P","","46","1"
"21/03/2026","1120.00","","24404.60 Cr.","","","UPI/DR/990186838660/ZOMATO/HDFC/payzomato@hdfcb/Pa","","46","1"
"21/03/2026","","4000.00","28404.60 Cr.","","","From:XXXX9601:VISAKA INDANE NDNE RETAILER","","46","1"
"21/03/2026","25000.00","","3404.60 Cr.","","","UPI/DR/773176966683/PRAKASH/KVBL/prakash.sukumar/P","","46","1"
"21/03/2026","315.00","","3089.60 Cr.","","","UPI/DR/187441865117/Swiggy L/UTIB/swiggy.stores@a/","","46","1"
"21/03/2026","794.00","","2295.60 Cr.","","","UPI/DR/562640643989/AMANAH G/YESB/M23OANJFI46UI@y/","","46","1"
"21/03/2026","125.00","","2170.60 Cr.","","","UPI/DR/609888170960/TEA 90ML/HDFC/Vyapar.17601248/","","46","1"
"21/03/2026","20.00","","2150.60 Cr.","","","UPI/DR/018158426572/AMANAH G/YESB/M23OANJFI46UI@y/","","46","1"
"22/03/2026","310.00","","1840.60 Cr.","","","UPI/DR/877830840016/Google A/UTIB/playstoregames1/","","46","1"
"22/03/2026","500.00","","1340.60 Cr.","","","UPI/DR/260187025833/Google A/UTIB/playstoregames1/","","46","1"
"22/03/2026","500.00","","840.60 Cr.","","","UPI/DR/433027247196/Google A/UTIB/playstoregames1/","","46","1"
"22/03/2026","","50.00","890.60 Cr.","","","UPI/CR/608167324562/Mr S TAM/IDIB/arsantamiltamil/","","46","1"
"22/03/2026","520.00","","370.60 Cr.","","","UPI/DR/107268319040/ADYAR AN/UTIB/amznpla2b100240/","","46","1"
"22/03/2026","224.00","","146.60 Cr.","","","UPI/DR/570076024546/AMANAH G/YESB/M23OANJFI46UI@y/","","46","1"
"22/03/2026","","1200.00","1346.60 Cr.","","","UPI/CR/559391182475/VISAKA I/PUNB/saravanand771@y/","","46","1"
"22/03/2026","252.00","","1094.60 Cr.","","","UPI/DR/226180540662/Balamuru/YESB/paytmqr6eb9bx@p/","","46","1"
"22/03/2026","450.00","","644.60 Cr.","","","UPI/DR/200577873996/J J SON/YESB/Q340952678@ybl/Pa","","46","1"
"22/03/2026","","4800.00","5444.60 Cr.","","","UPI/CR/644777803333/Ms K ANI/IDIB/anithakumar.tri/","","46","1"
"23/03/2026","200.00","","5244.60 Cr.","","","UPI/DR/742877766136/Mr S Tam/IDIB/arsantamiltamil/","","46","1"
"23/03/2026","532.82","","4711.78 Cr.","","","UPI/DR/454003066742/PhonePe/YESB/SV2512112238344/P","","46","1"
"23/03/2026","","2050.00","6761.78 Cr.","","","UPI/CR/608299657426/KRISHNA/SBIN/adithyaatrichy-/g","","46","1"
"23/03/2026","","9100.00","15861.78 Cr.","","","UPI/CR/644865146765/Mr TAMIL/CIUB/ctamilarasan05@/","","46","1"
"23/03/2026","45.00","","15816.78 Cr.","","","UPI/DR/003694218932/Saravana/YESB/paytmqr660jy5@p/","","46","1"
"23/03/2026","3000.00","","12816.78 Cr.","","","UPI/DR/320279950302/SARAVANA/ICIC/9344686601@ybl/P","","46","1"
"23/03/2026","241.00","","12575.78 Cr.","","","UPI/DR/815833584447/Sri Nall/UTIB/gpay-1117631793/","","46","1"
"23/03/2026","","7500.00","20075.78 Cr.","","","UPI/CR/693143720147/VISAKA I/PUNB/saravanand771@y/","","46","1"
"23/03/2026","12500.00","","7575.78 Cr.","","","UPI/DR/661403745174/VISAKA I/PUNB/saravanand771@y/","","46","1"
"23/03/2026","1199.00","","6376.78 Cr.","","","UPI/DR/716915810826/Google/UTIB/playstore1.bd@a/Ma","","46","1"
"24/03/2026","104.00","","6272.78 Cr.","","","UPI/DR/898345401868/DINESH A/FDRL/ag.dinesh.appu-/","","46","1"
"24/03/2026","","40000.00","46272.78 Cr.","","","From:XXXX6668:S A DHANDAPANI","","46","1"
"24/03/2026","10000.00","","36272.78 Cr.","","","UPI/DR/567456083454/S NAKKEE/HDFC/nakkeerans73@ok/","","46","1"
"24/03/2026","10000.00","","26272.78 Cr.","","","UPI/DR/201283040111/VENGATES/CNRB/venkitransport@/","","46","1"
"24/03/2026","10000.00","","16272.78 Cr.","","","UPI/DR/259186569501/VENGATES/CNRB/venkitransport@/","","46","1"
"24/03/2026","","2200.00","18472.78 Cr.","","","UPI/CR/608340211492/KUMAHOR/UBIN/kpreethikasri58/U","","46","1"
"24/03/2026","","4300.00","22772.78 Cr.","","","UPI/CR/608334120222/Mr TAMIL/CIUB/ctamilarasan05@/","","46","1"
"24/03/2026","290.00","","22482.78 Cr.","","","UPI/DR/865527530836/Google/UTIB/playstore@axisb/Ma","","46","1"
"24/03/2026","8302.72","","14180.06 Cr.","","","POS 608322502709 RADISSON GRT HOTELS","","46","1"
"25/03/2026","2000.00","","12180.06 Cr.","","","UPI/DR/287765685632/Mr S Tam/IDIB/arsantamiltamil/","","46","1"
"25/03/2026","1800.00","","10380.06 Cr.","","","UPI/DR/643556388142/Mr S Tam/IDIB/arsantamiltamil/","","46","1"
"25/03/2026","2000.00","","8380.06 Cr.","","","UPI/DR/210964100334/SVR Agen/YESB/paytmqr6tev6y@p/","","46","1"
"25/03/2026","4000.00","","4380.06 Cr.","","","UPI/DR/351786580536/VISAKA I/PUNB/saravanand771@y/","","46","1"
"25/03/2026","","2150.00","6530.06 Cr.","","","UPI/CR/645089924480/Mr S TAM/IDIB/arsantamiltamil/","","46","1"
"25/03/2026","1800.00","","4730.06 Cr.","","","UPI/DR/092468426358/RATHAKRI/SBIN/radha9994941461/","","46","1"
"25/03/2026","","8800.00","13530.06 Cr.","","","UPI/CR/120556773757/VIJAYAKR/KVBL/vijaymess419@ok/","","46","1"
"25/03/2026","","4300.00","17830.06 Cr.","","","UPI/CR/645059644479/Mr TAMIL/CIUB/ctamilarasan05@/","","46","1"
"25/03/2026","","10000.00","27830.06 Cr.","","","UPI/CR/608491312733/NAINA S/IOBA/gunajayapal346-/U","","46","1"
"25/03/2026","25000.00","","2830.06 Cr.","","","UPI/DR/703253810375/VISAKA I/PUNB/saravanand771@y/","","46","1"
"25/03/2026","","40000.00","42830.06 Cr.","","","UPI/CR/645062184263/VIJAYA V/ICIC/venkatesh13767@/","","46","1"
"25/03/2026","40000.00","","2830.06 Cr.","","","UPI/DR/975323928946/VISAKA I/PUNB/saravanand771@y/","","46","1"
"25/03/2026","1500.00","","1330.06 Cr.","","","UPI/DR/167156891809/ARK FUEL/YESB/paytm-46042661@/","","47","1"
"25/03/2026","444.16","","885.90 Cr.","","","UPI/DR/836864286697/ZOMATO L/HDFC/zomatoltd32.rzp/","","47","1"
"26/03/2026","700.00","","185.90 Cr.","","","UPI/DR/269425310856/Google/UTIB/playstore@axisb/Ma","","47","1"
"26/03/2026","","4300.00","4485.90 Cr.","","","UPI/CR/645131999995/Mr TAMIL/CIUB/ctamilarasan05@/","","47","1"
"26/03/2026","1250.00","","3235.90 Cr.","","","UPI/DR/522427121850/PL SM Sa/YESB/paytm.s16slif@p/","","47","1"
"26/03/2026","500.00","","2735.90 Cr.","","","UPI/DR/912406580008/UDAYAKUM/IOBA/udayakumaru02@o/","","47","1"
"26/03/2026","","6350.00","9085.90 Cr.","","","UPI/CR/608592131685/Mr S TAM/IDIB/arsantamiltamil/","","47","1"
"26/03/2026","490.00","","8595.90 Cr.","","","UPI/DR/754263496036/ZOMATO/HDFC/payzomato@hdfcb/Pa","","47","1"
"27/03/2026","500.00","","8095.90 Cr.","","","UPI/DR/060914847617/SVR Agen/YESB/paytmqr6tev6y@p/","","47","1"
"27/03/2026","","4300.00","12395.90 Cr.","","","UPI/CR/608611179157/Mr TAMIL/CIUB/ctamilarasan05@/","","47","1"
"27/03/2026","","6450.00","18845.90 Cr.","","","UPI/CR/608619188625/Mr S TAM/IDIB/arsantamiltamil/","","47","1"
"27/03/2026","4000.00","","14845.90 Cr.","","","UPI/DR/926792601913/Modern P/YESB/paytm.s1ldqq2@p/","","47","1"
"27/03/2026","532.82","","14313.08 Cr.","","","UPI/DR/692472672672/PhonePe/YESB/SV2512112238344/P","","47","1"
"27/03/2026","532.82","","13780.26 Cr.","","","UPI/DR/675849964039/PhonePe/YESB/SV2512112238344/P","","47","1"
"27/03/2026","532.82","","13247.44 Cr.","","","UPI/DR/518542106452/PhonePe/YESB/SV2512112238344/P","","47","1"
"27/03/2026","946.00","","12301.44 Cr.","","","UPI/DR/535011961165/PhonePe/YESB/SV2512112238344/P","","47","1"
"27/03/2026","300.00","","12001.44 Cr.","","","UPI/DR/825944113610/DEEPA VI/YESB/Q491076661@ybl/P","","47","1"
"27/03/2026","1500.00","","10501.44 Cr.","","","UPI/DR/945956888491/BASKARAN/CNRB/baskar500600@ok/","","47","1"
"27/03/2026","700.00","","9801.44 Cr.","","","UPI/DR/021545387161/BASKARAN/CNRB/baskar500600@ok/","","47","1"
"27/03/2026","4000.00","","5801.44 Cr.","","","UPI/DR/203995356511/Mr S Tam/IDIB/arsantamiltamil/","","47","1"
"28/03/2026","2000.00","","3801.44 Cr.","","","UPI/DR/036434054475/SAMINATH/CNRB/samimraja1968@o/","","47","1"
"28/03/2026","200.00","","3601.44 Cr.","","","UPI/DR/149549279940/Mr S Tam/IDIB/arsantamiltamil/","","47","1"
"28/03/2026","","2200.00","5801.44 Cr.","","","UPI/CR/645328474280/KUMAHOR/UBIN/kpreethikasri58/U","","47","1"
"28/03/2026","2000.00","","3801.44 Cr.","","","UPI/DR/167359491054/Bank Acc/SIBL/038805300001481/","","47","1"
"28/03/2026","","4300.00","8101.44 Cr.","","","UPI/CR/645352292968/Mr TAMIL/CIUB/ctamilarasan05@/","","47","1"
"28/03/2026","","4000.00","12101.44 Cr.","","","UPI/CR/639527077657/VISAKA I/PUNB/saravanand771@y/","","47","1"
"28/03/2026","10000.00","","2101.44 Cr.","","","UPI/DR/056187826638/Santhosh/SBIN/9626470148@ybl/P","","47","1"
"28/03/2026","1650.00","","451.44 Cr.","","","UPI/DR/760827299963/PL SM Sa/YESB/paytm.s16slif@p/","","47","1"
"28/03/2026","","27940.00","28391.44 Cr.","","","UPI/CR/608747221348/BHARATH/SBIN/bharath.anandag/U","","47","1"
"28/03/2026","250.00","","28141.44 Cr.","","","UPI/DR/320766162866/UDAYAKUM/IOBA/udayakumaru02@o/","","47","1"
"28/03/2026","25700.00","","2441.44 Cr.","","","UPI/DR/753800398407/VISAKA I/PUNB/saravanand771@i/","","47","1"
"28/03/2026","1284.00","","1157.44 Cr.","","","UPI/DR/949356692276/ZOMATO/HDFC/payzomato@hdfcb/Pa","","47","1"
"29/03/2026","500.00","","657.44 Cr.","","","UPI/DR/376834324378/SVR Agen/YESB/paytmqr6tev6y@p/","","47","1"
"29/03/2026","600.00","","57.44 Cr.","","","UPI/DR/502338770512/KARTHIK/CNRB/g.karthik.8949@/P","","47","1"
"30/03/2026","","52000.00","52057.44 Cr.","","","UPI/CR/645505340390/SATHYA S/SIBL/simpleshakthii@/","","47","1"
"30/03/2026","45850.00","","6207.44 Cr.","","","UPI/DR/608913861021/PG CBDT/FDRL/65017537@fbl/UPI","","47","1"
"30/03/2026","","10700.00","16907.44 Cr.","","","UPI/CR/645521480052/Mr S TAM/IDIB/arsantamiltamil/","","47","1"
"30/03/2026","4000.00","","12907.44 Cr.","","","UPI/DR/125007966623/Ms P VIJ/IDIB/vijayap431@okhd/","","47","1"
"30/03/2026","","6450.00","19357.44 Cr.","","","UPI/CR/645526265463/ERULAPPA/CNRB/gerulappan1@oki/","","47","1"
"30/03/2026","135.00","","19222.44 Cr.","","","UPI/DR/899352530816/ZOMATO L/YESB/zomato-order@pt/","","47","1"
"30/03/2026","334.43","","18888.01 Cr.","","","UPI/DR/877417883375/ZOMATO L/YESB/zomato-order@pt/","","47","1"
"31/03/2026","","4300.00","23188.01 Cr.","","","UPI/CR/609031040949/Mr TAMIL/CIUB/ctamilarasan05@/","","47","1"
"31/03/2026","2405.00","","20783.01 Cr.","","","UPI/DR/257044623817/PhonePe/YESB/SV2512112238344/P","","47","1"
"31/03/2026","17563.00","","3220.01 Cr.","","","UPI/DR/798275011024/PG CBDT/FDRL/65017537@fbl/Paym","","47","1"
"31/03/2026","250.00","","2970.01 Cr.","","","UPI/DR/536155636084/DEEPA VI/YESB/Q491076661@ybl/P","","47","1"
"31/03/2026","290.00","","2680.01 Cr.","","","UPI/DR/330533520906/Google/UTIB/playstore@axisb/Ma","","47","1"
"31/03/2026","","10000.00","12680.01 Cr.","","","From:XXXX9601:VISAKA INDANE NDNE RETAILER","","47","1"
"31/03/2026","10000.00","","2680.01 Cr.","","","UPI/DR/508031466956/Ravichan/SBIN/ravibalu523-1@o/","","48","1"
"31/03/2026","930.00","","1750.01 Cr.","","","UPI/DR/681034166415/SUNDARAM/HDFC/sundaramhospita/","","48","1"
"31/03/2026","120.00","","1630.01 Cr.","","","UPI/DR/859131444046/R KAVITH/BARB/kavitharaniraja/","","48","1"
"31/03/2026","1577.00","","53.01 Cr.","","","UPI/DR/899104826385/ZOMATO/HDFC/payzomato@hdfcb/Pa","","48","1"
"31/03/2026","","9700.00","9753.01 Cr.","","","UPI/CR/112458300184/VISAKA I/PUNB/saravanand771@y/","","48","1"
"31/03/2026","9700.00","","53.01 Cr.","","","UPI/DR/315353896826/Bank Acc/SBIN/67083521928@SBI/","","48","1"
"31/03/2026","","18800.00","18853.01 Cr.","","","UPI/CR/120896513187/VIJAYAKR/KVBL/vijaymess419@ok/","","48","1"
"31/03/2026","","5000.00","23853.01 Cr.","","","UPI/CR/120896575201/GUNA SEK/HDFC/gunajayapal346-/","","48","1"
"31/03/2026","","25000.00","48853.01 Cr.","","","UPI/CR/645777732582/HARISH K/UTIB/harish.kumar.10/","","48","1"
"31/03/2026","","25000.00","73853.01 Cr.","","","UPI/CR/609164888245/SAKTHIVE/SBIN/powerarrow1970@/","","48","1"
"31/03/2026","1870.00","","71983.01 Cr.","","","UPI/DR/182564241042/PL SM Sa/YESB/paytm.s16slif@p/","","48","1"
"31/03/2026","70500.00","","1483.01 Cr.","","","UPI/DR/455407400177/VISAKA I/PUNB/saravanand771@y/","","48","1"
"31/03/2026","65.00","","1418.01 Cr.","","","UPI/DR/720258640488/DAYANA/IOBA/ramachandrancha/Pa","","48","1"
"31/03/2026","","300.00","1718.01 Cr.","","","UPI/CR/686755199739/VISAKA I/PUNB/saravanand771@y/","","48","1"
"31/03/2026","1650.00","","68.01 Cr.","","","UPI/DR/504050294237/Bank Acc/SIBL/038805300001481/","","48","1"